1597930123130, 11785.59, 236, 11785.6, 132
1597930123220, 11785.59, 290, 11785.6, 132
1597930123243, 11785.59, 290, 11785.6, 132
1597930123312, 11785.59, 288, 11785.6, 132
1597930123393, 11785.59, 288, 11785.6, 132
1597930123430, 11785.59, 288, 11785.6, 129
1597930123513, 11785.59, 288, 11785.6, 132
1597930123753, 11785.59, 288, 11785.6, 129
1597930123843, 11785.59, 288, 11785.6, 132
1597930124090, 11785.59, 288, 11785.6, 129
1597930124182, 11785.59, 234, 11785.6, 132
1597930124210, 11785.59, 234, 11785.6, 132
1597930124263, 11785.59, 234, 11785.6, 132
1597930124332, 11785.59, 234, 11785.6, 132
1597930124504, 11785.59, 234, 11785.6, 132
1597930124542, 11785.59, 234, 11785.6, 129
1597930124663, 11785.59, 234, 11785.6, 132
1597930124863, 11785.59, 234, 11785.6, 772
1597930124923, 11785.59, 204, 11785.6, 772
1597930124983, 11785.59, 154, 11785.6, 764
1597930125133, 11785.59, 154, 11785.6, 767
1597930125262, 11785.59, 154, 11785.6, 767
1597930125320, 11785.59, 154, 11785.6, 767
1597930125352, 11785.59, 154, 11785.6, 764
1597930125412, 11785.59, 154, 11785.6, 767
1597930125473, 11785.59, 154, 11785.6, 767
1597930125733, 11785.59, 154, 11785.6, 764
1597930125943, 11785.59, 154, 11785.6, 767
1597930126213, 11785.59, 154, 11785.6, 764
1597930126310, 11785.59, 154, 11785.6, 767
1597930126342, 11785.59, 186, 11785.6, 767
1597930126642, 11785.59, 186, 11785.6, 127
1597930126813, 11785.59, 186, 11785.6, 124
1597930126933, 11785.59, 240, 11785.6, 127
1597930127023, 11785.59, 240, 11785.6, 127
1597930127152, 11785.59, 240, 11785.6, 685
1597930127212, 11785.59, 240, 11785.6, 685
1597930127233, 11785.59, 240, 11785.6, 682
1597930127273, 11785.59, 240, 11785.6, 682
1597930127330, 11785.59, 186, 11785.6, 685
1597930127422, 11785.59, 240, 11785.6, 685
1597930127593, 11785.59, 240, 11785.6, 682
1597930127630, 11785.59, 240, 11785.6, 682
1597930127683, 11785.59, 186, 11785.6, 685
1597930127683, 11785.59, 186, 11785.6, 685
1597930127962, 11785.59, 186, 11785.6, 682
1597930128022, 11785.59, 154, 11785.6, 682
1597930128083, 11785.59, 154, 11785.6, 685
1597930128313, 11785.59, 154, 11785.6, 685
1597930128350, 11785.59, 154, 11785.6, 682
1597930128448, 11785.59, 154, 11785.6, 685
1597930128463, 11785.59, 154, 11785.6, 685
1597930128500, 11785.59, 154, 11785.6, 685
1597930128742, 11785.59, 154, 11785.6, 682
1597930128823, 11785.59, 154, 11785.6, 685
1597930129160, 11785.59, 154, 11785.6, 682
1597930129252, 11785.59, 154, 11785.6, 685
1597930129363, 11785.59, 154, 11785.6, 685
1597930129520, 11785.59, 154, 11785.6, 685
1597930129633, 11785.59, 154, 11785.6, 685
1597930129642, 11785.59, 154, 11785.6, 682
1597930129670, 11785.59, 46, 11785.6, 682
1597930129702, 11785.59, 46, 11785.6, 682
1597930129727, 11784.52, 22, 11785.35, 174
1597930129762, 11782.34, 32, 11785.35, 174
1597930129783, 11784.65, 1, 11785.35, 174
1597930129822, 11784.65, 1, 11785.35, 174
1597930129843, 11781.37, 3, 11784.53, 21
1597930129852, 11782.35, 3, 11783.2, 29
1597930129880, 11781.37, 3, 11783.2, 29
1597930129933, 11782.35, 20, 11783.2, 29
1597930129993, 11782.35, 18, 11782.36, 42
1597930130084, 11782.35, 10, 11782.36, 70
1597930130090, 11782.35, 10, 11782.36, 70
1597930130122, 11780.59, 28, 11782.36, 831
1597930130184, 11782.35, 8, 11782.36, 831
1597930130293, 11782.35, 8, 11782.36, 1037
1597930130390, 11781.39, 9, 11782.36, 869
1597930130443, 11780.61, 7, 11781.71, 3
1597930130508, 11780.61, 7, 11781.71, 3
1597930130542, 11780.61, 7, 11781.4, 610
1597930130563, 11780.61, 7, 11781.4, 610
1597930130593, 11780.62, 6, 11781.4, 610
1597930130653, 11781.2, 110, 11781.4, 610
1597930130713, 11781.2, 110, 11781.4, 613
1597930130804, 11780.62, 53, 11780.63, 8
1597930130842, 11780.62, 10, 11780.63, 8
1597930130900, 11779.44, 2, 11780.63, 646
1597930130953, 11780.62, 694, 11780.63, 153
1597930131015, 11780.62, 695, 11780.63, 153
1597930131073, 11780.62, 691, 11780.63, 29
1597930131103, 11780.62, 697, 11780.63, 29
1597930131110, 11780.62, 752, 11780.63, 29
1597930131163, 11780.62, 758, 11780.63, 79
1597930131223, 11780.62, 752, 11780.63, 195
1597930131260, 11780.62, 752, 11780.63, 195
1597930131313, 11780.62, 759, 11780.63, 195
1597930131352, 11780.62, 759, 11780.63, 195
1597930131412, 11780.62, 759, 11780.63, 195
1597930131433, 11780.62, 759, 11780.63, 195
1597930131442, 11780.62, 759, 11780.63, 195
1597930131523, 11780.62, 759, 11780.63, 195
1597930131562, 11780.62, 759, 11780.63, 195
1597930131583, 11780.62, 752, 11780.63, 195
1597930131613, 11780.62, 752, 11780.63, 195
1597930131673, 11780.62, 759, 11780.63, 195
1597930131770, 11780.62, 759, 11780.63, 195
1597930131883, 11780.62, 759, 11780.63, 174
1597930131943, 11780.62, 759, 11780.63, 50
1597930131973, 11780.62, 759, 11780.63, 50
1597930132101, 11780.62, 752, 11780.63, 50
1597930132243, 11780.62, 752, 11780.63, 50
1597930132243, 11780.62, 752, 11780.63, 50
1597930133090, 11780.62, 752, 11780.63, 50
1597930133122, 11780.62, 752, 11780.63, 50
1597930133212, 11780.62, 752, 11780.63, 50
1597930133263, 11780.62, 752, 11780.63, 50
1597930133653, 11780.62, 752, 11780.63, 50
1597930133713, 11780.62, 752, 11780.63, 50
1597930133773, 11780.62, 752, 11780.63, 50
1597930133804, 11780.62, 752, 11780.63, 50
1597930133863, 11780.62, 752, 11780.63, 50
1597930133992, 11780.62, 752, 11780.63, 50
1597930134163, 11780.62, 752, 11780.63, 50
1597930134262, 11780.62, 752, 11780.63, 50
1597930134313, 11780.62, 752, 11780.63, 50
1597930134373, 11780.62, 752, 11780.63, 50
1597930134433, 11780.62, 752, 11780.63, 50
1597930134523, 11780.62, 752, 11780.63, 50
1597930134583, 11780.62, 752, 11780.63, 50
1597930134733, 11780.62, 752, 11780.63, 50
1597930134922, 11780.62, 752, 11780.63, 50
1597930134943, 11780.62, 752, 11780.63, 50
1597930135033, 11780.62, 752, 11780.63, 50
1597930135093, 11780.62, 752, 11780.63, 50
1597930135333, 11780.62, 752, 11780.63, 50
1597930135342, 11780.62, 1759, 11780.63, 50
1597930135393, 11780.62, 1759, 11780.63, 50
1597930135453, 11780.63, 1282, 11782.54, 44
1597930135490, 11780.63, 1282, 11782.54, 44
1597930135522, 11780.63, 1282, 11782.54, 44
1597930135543, 11782.54, 12, 11783.19, 5
1597930135582, 11782.54, 12, 11783.18, 44
1597930135612, 11782.55, 21, 11783.18, 44
1597930135642, 11782.55, 21, 11783.18, 44
1597930135693, 11782.55, 53, 11782.59, 124
1597930135732, 11782.55, 53, 11782.59, 124
1597930135760, 11782.55, 53, 11782.59, 124
1597930135813, 11782.58, 520, 11782.59, 124
1597930135873, 11782.58, 651, 11783.18, 1
1597930135881, 11782.58, 651, 11783.18, 1
1597930135910, 11782.58, 651, 11783.18, 1
1597930135942, 11783.17, 522, 11783.18, 1
1597930135963, 11783.17, 632, 11783.18, 1
1597930136060, 11783.17, 632, 11783.18, 1
1597930136120, 11783.17, 632, 11783.18, 125
1597930136152, 11783.17, 632, 11783.18, 125
1597930136212, 11783.17, 632, 11783.18, 125
1597930136270, 11783.17, 632, 11783.18, 125
1597930136324, 11783.17, 632, 11783.18, 125
1597930136383, 11783.17, 632, 11783.18, 129
1597930136533, 11783.17, 632, 11783.18, 129
1597930136683, 11783.17, 632, 11783.18, 125
1597930136780, 11783.17, 632, 11783.18, 129
1597930136875, 11783.17, 632, 11783.18, 129
1597930136893, 11783.17, 632, 11783.18, 129
1597930136930, 11783.17, 632, 11783.18, 147
1597930136983, 11783.17, 632, 11783.18, 147
1597930137043, 11783.17, 632, 11783.18, 143
1597930137142, 11783.17, 632, 11783.18, 147
1597930137253, 11783.17, 632, 11783.18, 157
1597930137343, 11783.17, 632, 11783.18, 157
1597930137407, 11783.17, 632, 11783.18, 153
1597930137493, 11783.17, 632, 11783.18, 147
1597930137622, 11783.17, 632, 11783.18, 147
1597930137742, 11783.17, 632, 11783.18, 143
1597930137742, 11783.17, 632, 11783.18, 143
1597930137853, 11783.17, 632, 11783.18, 147
1597930138160, 11783.17, 632, 11783.18, 143
1597930138213, 11783.17, 632, 11783.18, 143
1597930138273, 11783.17, 632, 11783.18, 695
1597930138310, 11783.17, 110, 11783.18, 699
1597930138363, 11783.17, 110, 11783.18, 699
1597930138402, 11783.17, 110, 11783.18, 699
1597930138552, 11783.17, 110, 11783.18, 699
1597930138573, 11783.17, 110, 11783.18, 695
1597930138670, 11783.17, 110, 11783.18, 699
1597930138873, 11783.17, 110, 11783.18, 699
1597930138933, 11783.17, 110, 11783.18, 695
1597930139023, 11783.17, 110, 11783.18, 695
1597930139083, 11783.17, 110, 11783.18, 699
1597930139152, 11783.17, 110, 11783.18, 699
1597930139330, 11783.17, 110, 11783.18, 695
1597930139451, 11783.17, 110, 11783.18, 699
1597930139773, 11783.17, 110, 11783.18, 695
1597930139842, 11783.17, 110, 11783.18, 699
1597930139962, 11783.17, 110, 11783.18, 699
1597930140022, 11783.17, 803, 11783.18, 699
1597930140050, 11783.17, 803, 11783.18, 699
1597930140173, 11783.17, 803, 11783.18, 699
1597930140207, 11783.17, 857, 11783.18, 695
1597930140260, 11783.17, 857, 11783.18, 125
1597930140283, 11783.17, 803, 11783.18, 125
1597930140343, 11783.17, 803, 11783.18, 129
1597930140350, 11783.17, 803, 11783.18, 129
1597930140404, 11783.17, 822, 11783.18, 129
1597930140410, 11783.17, 110, 11783.18, 129
1597930140433, 11783.17, 110, 11783.18, 129
1597930140442, 11783.17, 110, 11783.18, 737
1597930140493, 11783.17, 110, 11783.18, 754
1597930140553, 11783.17, 110, 11783.18, 754
1597930140560, 11783.17, 110, 11783.18, 754
1597930140586, 11783.17, 110, 11783.18, 750
1597930140650, 11783.17, 110, 11783.18, 750
1597930140704, 11783.17, 110, 11783.18, 754
1597930140773, 11783.17, 110, 11783.18, 754
1597930140981, 11783.17, 110, 11783.18, 750
1597930141010, 11783.17, 110, 11783.18, 750
1597930141063, 11783.17, 110, 11783.18, 750
1597930141153, 11783.17, 110, 11783.18, 754
1597930141213, 11783.17, 110, 11783.18, 754
1597930141310, 11783.17, 110, 11783.18, 754
1597930141513, 11783.17, 110, 11783.18, 754
1597930141581, 11783.17, 110, 11783.18, 754
1597930141663, 11783.17, 110, 11783.18, 750
1597930141723, 11781.82, 133, 11783.18, 750
1597930141732, 11781.82, 133, 11783.18, 754
1597930141813, 11781.82, 133, 11781.83, 54
1597930141852, 11781.82, 133, 11781.83, 54
1597930141880, 11781.82, 163, 11781.83, 159
1597930141933, 11781.82, 163, 11781.83, 115
1597930141970, 11781.82, 365, 11781.83, 115
1597930142023, 11781.82, 365, 11781.83, 115
1597930142090, 11781.82, 255, 11781.83, 713
1597930142150, 11781.82, 255, 11781.83, 741
1597930142173, 11781.82, 201, 11781.83, 771
1597930142233, 11781.82, 38, 11781.83, 771
1597930142242, 11781.82, 110, 11781.83, 771
1597930142273, 11779.85, 3, 11781.83, 771
1597930142323, 11779.4, 32, 11781.83, 821
1597930142383, 11779.86, 36, 11781.83, 716
1597930142390, 11779.86, 58, 11781.24, 124
1597930142443, 11779.86, 36, 11781.24, 124
1597930142452, 11779.86, 33, 11781.24, 124
1597930142512, 11779.87, 538, 11779.9, 10
1597930142573, 11779.87, 34, 11779.9, 10
1597930142600, 11779.87, 35, 11779.9, 10
1597930142660, 11780.23, 110, 11781.23, 21
1597930142722, 11779.89, 1521, 11779.9, 10
1597930142804, 11779.89, 887, 11779.9, 87
1597930142804, 11779.89, 887, 11779.9, 87
1597930142873, 11780.48, 110, 11780.64, 168
1597930142932, 11780.48, 110, 11780.64, 124
1597930142983, 11780.48, 110, 11780.64, 124
1597930143193, 11780.63, 760, 11781.23, 21
1597930143260, 11780.63, 1698, 11781.82, 37
1597930143343, 11781.81, 695, 11782.13, 37
1597930143404, 11781.81, 695, 11782.13, 37
1597930143463, 11781.81, 695, 11781.82, 21
1597930143493, 11781.81, 695, 11781.82, 65
1597930143532, 11781.81, 695, 11781.82, 189
1597930143553, 11781.81, 805, 11781.82, 211
1597930143613, 11781.81, 110, 11781.82, 220
1597930143704, 11781.81, 110, 11781.82, 270
1597930143710, 11780.64, 40, 11781.82, 270
1597930143770, 11780.64, 40, 11781.82, 270
1597930143823, 11781.81, 573, 11781.82, 102
1597930143830, 11781.81, 573, 11781.82, 102
1597930143890, 11781.81, 683, 11781.82, 102
1597930143913, 11781.81, 683, 11781.82, 226
1597930143952, 11781.81, 683, 11781.82, 226
1597930143980, 11781.81, 683, 11781.82, 271
1597930144012, 11781.81, 683, 11781.82, 271
1597930144363, 11781.81, 683, 11781.82, 271
1597930144423, 11781.81, 683, 11781.82, 250
1597930144633, 11781.81, 110, 11781.82, 250
1597930144822, 11781.81, 110, 11781.82, 250
1597930144843, 11781.81, 110, 11781.82, 250
1597930145664, 11781.81, 110, 11781.82, 250
1597930145692, 11781.81, 720, 11781.82, 250
1597930146013, 11781.81, 720, 11781.82, 250
1597930146081, 11781.81, 720, 11781.82, 250
1597930146133, 11781.81, 720, 11781.82, 250
1597930146170, 11781.81, 720, 11781.82, 250
1597930146223, 11781.81, 720, 11781.82, 250
1597930146283, 11781.81, 758, 11781.82, 250
1597930146352, 11781.81, 758, 11781.82, 205
1597930146373, 11781.81, 812, 11781.82, 205
1597930146523, 11781.81, 812, 11781.82, 205
1597930146562, 11781.81, 812, 11781.82, 195
1597930146583, 11781.81, 812, 11781.82, 195
1597930146680, 11781.81, 812, 11781.82, 195
1597930146793, 11781.81, 842, 11781.82, 195
1597930146830, 11781.81, 879, 11781.82, 195
1597930146853, 11781.81, 879, 11781.82, 195
1597930146883, 11781.81, 879, 11781.82, 50
1597930146980, 11781.81, 879, 11781.82, 50
1597930147042, 11781.81, 879, 11781.82, 50
1597930147162, 11781.81, 879, 11781.82, 50
1597930147190, 11781.81, 879, 11781.82, 50
1597930147282, 11781.81, 879, 11781.82, 50
1597930147342, 11781.81, 879, 11781.82, 50
1597930147642, 11781.81, 879, 11781.82, 50
1597930147753, 11781.81, 879, 11781.82, 174
1597930147822, 11781.81, 879, 11781.82, 174
1597930147822, 11781.81, 879, 11781.82, 174
1597930147904, 11781.81, 842, 11781.82, 174
1597930148053, 11781.81, 853, 11781.82, 174
1597930148097, 11781.81, 853, 11781.82, 174
1597930148150, 11781.81, 799, 11781.82, 212
1597930148242, 11781.81, 799, 11781.82, 212
1597930148263, 11781.81, 799, 11781.82, 212
1597930148302, 11781.81, 799, 11781.82, 212
1597930148473, 11781.81, 799, 11781.82, 212
1597930148510, 11781.81, 799, 11781.82, 212
1597930148542, 11781.81, 799, 11781.82, 212
1597930148563, 11781.81, 799, 11781.82, 212
1597930148660, 11781.81, 799, 11781.82, 212
1597930148720, 11781.81, 799, 11781.82, 212
1597930148901, 11781.81, 799, 11781.82, 212
1597930148923, 11781.81, 799, 11781.82, 212
1597930149080, 11781.81, 799, 11781.82, 174
1597930149230, 11781.81, 853, 11781.82, 174
1597930149343, 11781.81, 853, 11781.82, 178
1597930149433, 11781.81, 815, 11781.82, 178
1597930149493, 11781.81, 785, 11781.82, 178
1597930149502, 11781.81, 785, 11781.82, 178
1597930149590, 11781.81, 175, 11781.82, 178
1597930149622, 11781.81, 175, 11781.82, 178
1597930149643, 11781.81, 175, 11781.82, 178
1597930149652, 11781.81, 121, 11781.82, 178
1597930149742, 11781.81, 121, 11781.82, 191
1597930149793, 11781.81, 121, 11781.82, 191
1597930149853, 11781.81, 121, 11781.82, 191
1597930150153, 11781.81, 834, 11781.82, 191
1597930150252, 11781.81, 888, 11781.82, 191
1597930150310, 11781.81, 888, 11781.82, 191
1597930150460, 11781.81, 888, 11781.82, 191
1597930150513, 11781.81, 888, 11781.82, 191
1597930150723, 11781.81, 888, 11781.82, 191
1597930150732, 11781.81, 888, 11781.82, 191
1597930151083, 11781.81, 888, 11781.82, 191
1597930151662, 11781.81, 888, 11781.82, 191
1597930151690, 11781.81, 888, 11781.82, 191
1597930151780, 11781.81, 888, 11781.82, 67
1597930151842, 11781.81, 888, 11781.82, 67
1597930151875, 11781.81, 888, 11781.82, 67
1597930151990, 11781.81, 888, 11781.82, 67
1597930152110, 11781.81, 896, 11781.82, 67
1597930152111, 11781.81, 896, 11781.82, 67
1597930152144, 11781.81, 896, 11781.82, 67
1597930152163, 11781.81, 896, 11781.82, 67
1597930152200, 11781.81, 896, 11781.82, 67
1597930152253, 11781.81, 896, 11781.82, 67
1597930152404, 11781.81, 896, 11781.82, 67
1597930152441, 11781.81, 896, 11781.82, 67
1597930152500, 11781.81, 896, 11781.82, 54
1597930152592, 11781.81, 896, 11781.82, 54
1597930152710, 11781.81, 896, 11781.82, 54
1597930152733, 11781.81, 896, 11781.82, 54
1597930152823, 11781.81, 896, 11781.82, 54
1597930152823, 11781.81, 896, 11781.82, 54
1597930152860, 11781.81, 896, 11781.82, 54
1597930152973, 11781.81, 896, 11781.82, 54
1597930153010, 11781.81, 896, 11781.82, 54
1597930153333, 11781.81, 896, 11781.82, 54
1597930153370, 11781.81, 896, 11781.82, 54
1597930153580, 11781.81, 896, 11781.82, 54
1597930153610, 11781.81, 896, 11781.82, 54
1597930153933, 11781.81, 896, 11781.82, 54
1597930154120, 11781.81, 903, 11781.82, 50
1597930154273, 11781.81, 903, 11781.82, 174
1597930154353, 11781.81, 903, 11781.82, 174
1597930154390, 11781.81, 903, 11781.82, 174
1597930154623, 11781.81, 896, 11781.82, 174
1597930155163, 11781.81, 896, 11781.82, 174
1597930155200, 11781.81, 896, 11781.82, 174
1597930155283, 11781.81, 896, 11781.82, 174
1597930155523, 11781.81, 896, 11781.82, 174
1597930155560, 11781.81, 896, 11781.82, 174
1597930155650, 11781.81, 896, 11781.82, 174
1597930155673, 11781.81, 896, 11781.82, 174
1597930156513, 11781.81, 903, 11781.82, 174
1597930156730, 11781.81, 903, 11781.82, 50
1597930156820, 11781.81, 896, 11781.82, 50
1597930157113, 11781.81, 896, 11781.82, 50
1597930157150, 11781.81, 896, 11781.82, 50
1597930157180, 11781.81, 896, 11781.82, 50
1597930157242, 11781.81, 896, 11781.82, 50
1597930157301, 11781.81, 897, 11781.82, 50
1597930157302, 11781.81, 900, 11781.82, 50
1597930157330, 11781.81, 900, 11781.82, 50
1597930157353, 11781.81, 176, 11781.82, 174
1597930157390, 11781.81, 176, 11781.82, 174
1597930157413, 11781.81, 176, 11781.82, 174
1597930157450, 11781.81, 176, 11781.82, 174
1597930157473, 11781.81, 176, 11781.82, 174
1597930157480, 11781.81, 176, 11781.82, 174
1597930157573, 11781.81, 176, 11781.82, 174
1597930157600, 11781.81, 176, 11781.82, 174
1597930157660, 11781.81, 176, 11781.82, 174
1597930157683, 11781.81, 188, 11781.82, 174
1597930157750, 11781.81, 190, 11781.82, 174
1597930157773, 11781.81, 190, 11781.82, 174
1597930157842, 11781.81, 190, 11781.82, 174
1597930157842, 11781.81, 190, 11781.82, 174
1597930157900, 11781.81, 190, 11781.82, 174
1597930157990, 11781.81, 190, 11781.82, 174
1597930158133, 11781.81, 184, 11781.82, 174
1597930158262, 11781.81, 184, 11781.82, 174
1597930158320, 11781.81, 730, 11781.82, 174
1597930158343, 11781.81, 730, 11781.82, 174
1597930158433, 11781.81, 730, 11781.82, 174
1597930158500, 11781.81, 730, 11781.82, 174
1597930158583, 11781.81, 730, 11781.82, 174
1597930158643, 11781.81, 730, 11781.82, 174
1597930159304, 11781.81, 730, 11781.82, 174
1597930159402, 11781.81, 730, 11781.82, 174
1597930159580, 11781.81, 730, 11781.82, 174
1597930159604, 11781.81, 730, 11781.82, 50
1597930159723, 11781.81, 751, 11781.82, 50
1597930159783, 11781.81, 758, 11781.82, 50
1597930159813, 11781.81, 761, 11781.82, 50
1597930159852, 11781.81, 714, 11781.82, 31
1597930159873, 11781.81, 714, 11783.69, 133
1597930159948, 11781.81, 604, 11783.69, 133
1597930159963, 11783.68, 107, 11783.69, 133
1597930160002, 11783.68, 107, 11783.69, 133
1597930160113, 11783.68, 107, 11783.69, 133
1597930160180, 11783.68, 181, 11783.69, 257
1597930160212, 11783.68, 181, 11783.69, 257
1597930160233, 11783.68, 181, 11783.69, 268
1597930160273, 11783.68, 181, 11783.69, 300
1597930160323, 11783.68, 181, 11783.69, 300
1597930160330, 11783.68, 181, 11783.69, 300
1597930160383, 11783.68, 181, 11783.69, 278
1597930160443, 11783.68, 181, 11783.69, 278
1597930160473, 11783.68, 181, 11783.69, 278
1597930160533, 11783.68, 139, 11783.69, 278
1597930160600, 11783.68, 118, 11783.69, 278
1597930160660, 11783.68, 118, 11783.69, 278
1597930160683, 11783.68, 118, 11783.69, 278
1597930160690, 11783.68, 118, 11783.69, 278
1597930161133, 11783.68, 118, 11783.69, 832
1597930161193, 11783.68, 118, 11783.69, 278
1597930161253, 11783.68, 118, 11783.69, 293
1597930161292, 11783.68, 118, 11783.69, 293
1597930161343, 11783.68, 118, 11783.69, 293
1597930161408, 11783.68, 118, 11783.69, 293
1597930161463, 11783.68, 118, 11783.69, 293
1597930161493, 11783.68, 134, 11783.69, 293
1597930161801, 11783.68, 134, 11783.69, 293
1597930161891, 11783.68, 134, 11783.69, 293
1597930161952, 11783.68, 134, 11783.69, 293
1597930162162, 11783.68, 134, 11783.69, 293
1597930162490, 11783.68, 134, 11783.69, 293
1597930162642, 11783.68, 134, 11783.69, 293
1597930162642, 11783.68, 134, 11783.69, 293
1597930162873, 11783.68, 134, 11783.69, 293
1597930162912, 11783.68, 134, 11783.69, 293
1597930163083, 11783.68, 134, 11783.69, 946
1597930163233, 11783.68, 134, 11783.69, 946
1597930163242, 11783.68, 134, 11783.69, 946
1597930163504, 11783.68, 134, 11783.69, 946
1597930163533, 11783.68, 134, 11783.69, 293
1597930163573, 11783.68, 134, 11783.69, 293
1597930163653, 11783.68, 134, 11783.69, 278
1597930163781, 11783.68, 134, 11783.69, 301
1597930164013, 11783.68, 134, 11783.69, 301
1597930164232, 11783.68, 134, 11783.69, 301
1597930164350, 11783.68, 134, 11783.69, 301
1597930164404, 11783.68, 134, 11783.69, 301
1597930164500, 11783.68, 745, 11783.69, 301
1597930164553, 11783.68, 729, 11783.69, 301
1597930164592, 11783.68, 729, 11783.69, 301
1597930164652, 11783.68, 729, 11783.69, 301
1597930164763, 11783.68, 729, 11783.69, 301
1597930164823, 11783.68, 729, 11783.69, 301
1597930164860, 11783.68, 729, 11783.69, 301
1597930165010, 11783.68, 729, 11783.69, 301
1597930165042, 11783.68, 729, 11783.69, 301
1597930165063, 11783.68, 729, 11783.69, 291
1597930165102, 11783.68, 729, 11783.69, 291
1597930165123, 11783.68, 729, 11783.69, 291
1597930165192, 11783.68, 729, 11783.69, 291
1597930165843, 11783.68, 729, 11783.69, 291
1597930165951, 11783.68, 727, 11783.69, 291
1597930165993, 11783.68, 742, 11783.69, 291
1597930166122, 11783.68, 742, 11783.69, 291
1597930166181, 11783.68, 742, 11783.69, 291
1597930166204, 11783.68, 742, 11783.69, 291
1597930166242, 11783.68, 742, 11783.69, 291
1597930166391, 11783.68, 742, 11783.69, 268
1597930166450, 11783.68, 753, 11783.69, 124
1597930166504, 11783.68, 753, 11783.69, 124
1597930166563, 11783.68, 753, 11783.69, 124
1597930166623, 11783.68, 753, 11783.69, 124
1597930166660, 11783.68, 753, 11783.69, 124
1597930166713, 11783.68, 753, 11783.69, 124
1597930166773, 11783.68, 746, 11784.58, 5
1597930166833, 11783.68, 746, 11784.58, 5
1597930166863, 11783.68, 636, 11783.99, 124
1597930166902, 11783.68, 636, 11783.99, 124
1597930166923, 11783.68, 25, 11783.69, 673
1597930166932, 11783.68, 19, 11783.69, 797
1597930166960, 11783.68, 19, 11783.69, 797
1597930167013, 11783.68, 606, 11783.69, 797
1597930167073, 11783.68, 173, 11783.69, 807
1597930167112, 11783.68, 135, 11783.69, 807
1597930167170, 11783.68, 131, 11783.69, 807
1597930167373, 11783.68, 131, 11783.69, 807
1597930167470, 11783.68, 747, 11783.69, 134
1597930167523, 11783.68, 751, 11783.69, 134
1597930167530, 11783.68, 751, 11783.69, 134
1597930167583, 11783.68, 758, 11783.69, 134
1597930167643, 11783.68, 758, 11783.69, 134
1597930167680, 11783.68, 758, 11783.69, 124
1597930167704, 11783.68, 758, 11783.69, 124
1597930167830, 11783.68, 751, 11783.69, 124
1597930167830, 11783.68, 751, 11783.69, 124
1597930167862, 11783.68, 747, 11783.69, 124
1597930167922, 11783.68, 746, 11783.69, 124
1597930168042, 11783.68, 746, 11783.69, 124
1597930168130, 11783.68, 746, 11783.69, 832
1597930168190, 11783.68, 130, 11783.69, 832
1597930168222, 11783.68, 130, 11783.69, 832
1597930168243, 11783.68, 130, 11783.69, 832
1597930168342, 11783.68, 130, 11783.69, 832
1597930168700, 11783.68, 130, 11783.69, 832
1597930168762, 11783.68, 130, 11783.69, 832
1597930168813, 11783.68, 130, 11783.69, 832
1597930168873, 11783.68, 130, 11783.69, 832
1597930168933, 11783.68, 130, 11783.69, 832
1597930168963, 11783.68, 130, 11783.69, 832
1597930169323, 11783.68, 130, 11783.69, 832
1597930169422, 11783.68, 130, 11783.69, 832
1597930169473, 11783.68, 130, 11783.69, 843
1597930169533, 11783.68, 129, 11783.69, 843
1597930169630, 11783.68, 114, 11783.69, 843
1597930169683, 11783.68, 4, 11783.69, 843
1597930169780, 11783.68, 48, 11783.69, 832
1597930169953, 11783.68, 48, 11783.69, 836
1597930170081, 11783.68, 48, 11783.69, 836
1597930170142, 11783.68, 44, 11783.69, 836
1597930170173, 11782.84, 44, 11783.69, 836
1597930170253, 11783.68, 719, 11783.69, 712
1597930170290, 11783.68, 719, 11783.69, 712
1597930170343, 11783.68, 829, 11783.69, 722
1597930170404, 11783.68, 829, 11783.69, 718
1597930170442, 11783.68, 829, 11783.69, 832
1597930170500, 11783.68, 154, 11783.69, 832
1597930170553, 11783.68, 154, 11783.69, 836
1597930170613, 11783.68, 110, 11783.69, 836
1597930170704, 11783.68, 110, 11783.69, 836
1597930170800, 11783.68, 110, 11783.69, 836
1597930170853, 11783.68, 110, 11783.69, 832
1597930170891, 11783.68, 110, 11783.69, 832
1597930170913, 11783.68, 110, 11783.69, 832
1597930170952, 11783.68, 110, 11783.69, 832
1597930170973, 11783.68, 110, 11783.69, 832
1597930170981, 11783.68, 110, 11783.69, 836
1597930171010, 11783.68, 110, 11783.69, 836
1597930171042, 11783.68, 110, 11783.69, 836
1597930171064, 11783.68, 110, 11783.69, 836
1597930171273, 11783.68, 721, 11783.69, 836
1597930171333, 11783.68, 721, 11783.69, 832
1597930171393, 11783.68, 721, 11783.69, 832
1597930171423, 11783.68, 721, 11783.69, 836
1597930171822, 11783.68, 110, 11783.69, 836
1597930171880, 11783.68, 110, 11783.69, 836
1597930171933, 11783.68, 110, 11783.69, 832
1597930171993, 11783.68, 110, 11783.69, 832
1597930172032, 11783.68, 110, 11783.69, 836
1597930172212, 11783.68, 110, 11783.69, 836
1597930172332, 11783.68, 110, 11783.69, 836
1597930172353, 11783.68, 110, 11783.69, 832
1597930172443, 11783.68, 110, 11783.69, 836
1597930172542, 11783.68, 110, 11783.69, 836
1597930172750, 11783.68, 110, 11783.69, 135
1597930172807, 11783.68, 110, 11783.69, 135
1597930172807, 11783.68, 110, 11783.69, 135
1597930172900, 11783.68, 110, 11783.69, 139
1597930173352, 11783.68, 110, 11783.69, 139
1597930173410, 11783.68, 110, 11783.69, 135
1597930173463, 11783.68, 110, 11783.69, 135
1597930173501, 11783.68, 110, 11783.69, 139
1597930173673, 11783.68, 110, 11783.69, 139
1597930173770, 11783.68, 110, 11783.69, 135
1597930173883, 11783.68, 110, 11783.69, 139
1597930173920, 11783.68, 110, 11783.69, 139
1597930173973, 11783.68, 110, 11783.69, 139
1597930174011, 11783.68, 110, 11783.69, 139
1597930174070, 11783.68, 653, 11783.69, 139
1597930174123, 11783.68, 653, 11783.69, 139
1597930174243, 11783.68, 653, 11783.69, 135
1597930174252, 11783.68, 653, 11783.69, 135
1597930174333, 11783.68, 653, 11783.69, 139
1597930174402, 11783.68, 653, 11783.69, 139
1597930174430, 11783.68, 653, 11783.69, 139
1597930174483, 11783.68, 653, 11783.69, 139
1597930174522, 11783.68, 653, 11783.69, 139
1597930174543, 11783.68, 653, 11783.69, 139
1597930174580, 11783.68, 653, 11783.69, 139
1597930174612, 11783.68, 653, 11783.69, 135
1597930174633, 11783.68, 653, 11783.69, 135
1597930174673, 11783.68, 653, 11783.69, 135
1597930174693, 11783.68, 653, 11783.69, 135
1597930174730, 11783.68, 653, 11783.69, 139
1597930175053, 11783.68, 653, 11783.69, 135
1597930175204, 11783.68, 653, 11783.69, 139
1597930175563, 11783.68, 653, 11783.69, 135
1597930175632, 11783.68, 653, 11783.69, 139
1597930175962, 11783.68, 665, 11783.69, 139
1597930176223, 11783.68, 122, 11783.69, 139
1597930176523, 11783.68, 122, 11783.69, 139
1597930176560, 11783.68, 110, 11783.69, 139
1597930176710, 11783.68, 110, 11783.69, 139
1597930176980, 11783.68, 110, 11783.69, 139
1597930176980, 11783.68, 110, 11783.69, 139
1597930178390, 11783.68, 110, 11783.69, 139
1597930178420, 11783.68, 110, 11783.69, 139
1597930178512, 11783.68, 110, 11783.69, 139
1597930179853, 11783.68, 110, 11783.69, 139
1597930180222, 11783.68, 131, 11783.69, 139
1597930180606, 11783.68, 110, 11783.69, 139
1597930180700, 11783.68, 110, 11783.69, 744
1597930180760, 11783.68, 110, 11783.69, 744
1597930180813, 11783.68, 110, 11783.69, 744
1597930180873, 11783.68, 110, 11783.69, 744
1597930180881, 11783.68, 110, 11783.69, 744
1597930180910, 11783.68, 110, 11783.69, 744
1597930180963, 11781.34, 1446, 11783.69, 744
1597930181001, 11781.34, 1446, 11783.69, 744
1597930181023, 11781.34, 1446, 11783.69, 724
1597930181113, 11781.35, 64, 11783.68, 31
1597930181173, 11781.35, 76, 11782.54, 10
1597930181210, 11781.36, 44, 11781.9, 10
1597930181270, 11781.36, 44, 11781.9, 10
1597930181323, 11781.89, 687, 11781.9, 10
1597930181360, 11781.89, 687, 11781.95, 115
1597930181383, 11781.89, 687, 11781.95, 115
1597930181420, 11781.89, 691, 11781.9, 48
1597930181443, 11781.89, 647, 11781.9, 48
1597930181473, 11781.89, 655, 11781.9, 148
1597930181533, 11781.89, 541, 11781.9, 148
1597930181570, 11781.89, 541, 11781.9, 148
1597930181623, 11781.89, 541, 11781.9, 148
1597930181662, 11781.89, 587, 11781.9, 158
1597930181683, 11781.89, 597, 11781.9, 158
1597930181720, 11781.89, 597, 11781.9, 148
1597930181780, 11781.89, 597, 11781.9, 148
1597930181811, 11781.89, 597, 11781.9, 148
1597930181893, 11781.89, 707, 11781.9, 148
1597930182043, 11781.89, 707, 11781.9, 148
1597930182104, 11781.89, 711, 11781.9, 148
1597930182142, 11781.89, 732, 11781.9, 148
1597930182823, 11781.89, 732, 11781.9, 148
1597930182823, 11781.89, 732, 11781.9, 148
1597930182890, 11781.89, 732, 11781.9, 148
1597930182950, 11781.89, 622, 11781.9, 148
1597930183004, 11781.89, 89, 11781.9, 148
1597930183132, 11781.89, 85, 11781.9, 148
1597930183250, 11781.89, 138, 11781.9, 148
1597930183342, 11781.89, 95, 11781.9, 148
1597930183873, 11781.89, 600, 11781.9, 148
1597930183910, 11781.89, 600, 11781.9, 148
1597930183933, 11781.89, 600, 11781.9, 148
1597930183970, 11781.89, 710, 11781.9, 148
1597930184032, 11781.89, 664, 11781.9, 148
1597930184180, 11781.89, 663, 11781.9, 148
1597930184542, 11781.89, 642, 11781.9, 148
1597930184713, 11781.89, 638, 11781.9, 148
1597930184804, 11781.89, 642, 11781.9, 178
1597930184893, 11781.89, 642, 11781.9, 178
1597930184990, 11781.89, 653, 11781.9, 178
1597930185763, 11781.89, 642, 11781.9, 178
1597930185802, 11781.89, 642, 11781.9, 178
1597930185832, 11781.89, 642, 11781.9, 178
1597930185952, 11781.89, 642, 11781.9, 178
1597930186333, 11781.89, 656, 11781.9, 178
1597930186783, 11781.89, 656, 11781.9, 178
1597930186822, 11781.89, 656, 11781.9, 194
1597930186852, 11781.89, 656, 11781.9, 204
1597930186912, 11781.89, 651, 11781.9, 204
1597930187143, 11781.89, 651, 11781.9, 204
1597930187180, 11781.89, 651, 11781.9, 204
1597930187242, 11781.89, 633, 11781.9, 204
1597930187293, 11781.89, 128, 11781.9, 783
1597930187390, 11781.89, 128, 11781.9, 783
1597930187450, 11781.89, 128, 11781.9, 783
1597930187504, 11781.89, 128, 11781.9, 783
1597930187542, 11781.89, 128, 11781.9, 158
1597930187623, 11781.89, 128, 11781.9, 158
1597930187653, 11781.89, 166, 11781.9, 830
1597930187690, 11781.89, 166, 11781.9, 830
1597930187713, 11781.89, 166, 11781.9, 830
1597930187722, 11781.89, 128, 11781.9, 830
1597930187773, 11781.89, 128, 11781.9, 830
1597930187804, 11781.89, 128, 11781.9, 830
1597930187842, 11781.89, 128, 11781.9, 830
1597930187842, 11781.89, 128, 11781.9, 830
1597930187900, 11781.89, 128, 11781.9, 830
1597930187960, 11781.89, 128, 11781.9, 830
1597930188013, 11781.89, 128, 11781.9, 830
1597930188050, 11781.89, 128, 11781.9, 830
1597930188262, 11781.89, 733, 11781.9, 830
1597930188322, 11781.89, 733, 11781.9, 830
1597930188560, 11781.89, 733, 11781.9, 830
1597930188583, 11781.89, 733, 11781.9, 830
1597930188620, 11781.89, 733, 11781.9, 830
1597930188643, 11781.89, 733, 11781.9, 830
1597930188733, 11781.89, 733, 11781.9, 830
1597930188742, 11781.89, 733, 11781.9, 830
1597930188793, 11781.89, 733, 11781.9, 830
1597930188883, 11781.89, 733, 11781.9, 856
1597930188920, 11781.89, 733, 11781.9, 856
1597930189220, 11781.89, 733, 11781.9, 856
1597930189453, 11781.89, 733, 11781.9, 856
1597930189790, 11781.89, 733, 11781.9, 856
1597930189873, 11781.89, 733, 11781.9, 856
1597930189904, 11781.89, 733, 11781.9, 856
1597930190001, 11781.89, 733, 11781.9, 830
1597930190053, 11781.89, 733, 11781.9, 158
1597930190173, 11781.89, 733, 11781.9, 158
1597930190211, 11781.89, 733, 11781.9, 148
1597930190263, 11781.89, 733, 11781.9, 148
1597930190323, 11781.89, 737, 11781.9, 148
1597930190360, 11781.89, 737, 11781.9, 148
1597930190473, 11781.89, 758, 11781.9, 148
1597930190960, 11781.89, 758, 11781.9, 148
1597930191073, 11781.89, 758, 11781.9, 148
1597930191201, 11781.89, 758, 11781.9, 148
1597930191343, 11781.89, 758, 11781.9, 148
1597930191404, 11781.89, 758, 11781.9, 161
1597930191493, 11781.89, 754, 11781.9, 161
1597930191560, 11781.89, 758, 11781.9, 161
1597930191704, 11781.89, 758, 11781.9, 51
1597930191742, 11781.89, 758, 11781.9, 51
1597930192093, 11781.89, 758, 11781.9, 166
1597930192190, 11781.89, 754, 11781.9, 166
1597930192280, 11781.89, 758, 11781.9, 166
1597930192423, 11781.89, 758, 11781.9, 51
1597930192513, 11781.89, 758, 11781.9, 51
1597930192550, 11781.89, 776, 11781.9, 13
1597930192642, 11781.89, 776, 11781.9, 132
1597930192702, 11781.89, 776, 11781.9, 132
1597930192813, 11781.89, 776, 11781.9, 132
1597930192813, 11781.89, 776, 11781.9, 132
1597930193083, 11781.89, 776, 11781.9, 17
1597930193173, 11781.89, 776, 11781.9, 13
1597930193273, 11781.89, 776, 11781.9, 17
1597930193870, 11781.89, 776, 11781.9, 17
1597930194020, 11781.89, 776, 11781.9, 17
1597930194142, 11781.89, 776, 11781.9, 4
1597930194193, 11781.89, 776, 11783.56, 133
1597930194298, 11783.55, 520, 11783.56, 133
1597930194313, 11783.55, 520, 11783.56, 133
1597930194343, 11782.48, 110, 11783.56, 133
1597930194380, 11782.48, 110, 11783.56, 262
1597930194410, 11782.49, 69, 11782.97, 115
1597930194493, 11782.96, 100, 11782.97, 115
1597930194553, 11782.96, 100, 11782.97, 115
1597930194613, 11782.96, 104, 11782.97, 10
1597930194620, 11782.96, 104, 11782.97, 10
1597930194673, 11782.96, 104, 11783.56, 133
1597930194704, 11782.96, 104, 11783.56, 133
1597930194763, 11782.96, 104, 11782.97, 115
1597930194823, 11782.96, 104, 11782.97, 115
1597930194832, 11782.96, 100, 11782.97, 115
1597930194913, 11782.96, 131, 11782.97, 125
1597930194920, 11782.96, 135, 11782.97, 125
1597930195004, 11782.96, 135, 11782.97, 125
1597930195252, 11782.96, 135, 11782.97, 129
1597930195312, 11782.96, 131, 11782.97, 129
1597930195363, 11782.96, 131, 11782.97, 125
1597930195490, 11782.96, 131, 11782.97, 125
1597930195516, 11782.96, 131, 11782.97, 129
1597930195783, 11782.96, 131, 11782.97, 129
1597930195822, 11782.96, 131, 11782.97, 129
1597930195873, 11782.96, 131, 11782.97, 129
1597930195912, 11782.96, 131, 11782.97, 129
1597930196032, 11782.96, 131, 11782.97, 140
1597930196181, 11782.96, 131, 11782.97, 136
1597930196353, 11782.96, 131, 11782.97, 140
1597930196443, 11782.96, 152, 11782.97, 140
1597930196504, 11782.96, 152, 11782.97, 721
1597930196512, 11782.96, 152, 11782.97, 721
1597930196593, 11782.96, 152, 11782.97, 721
1597930196632, 11782.96, 152, 11782.97, 721
1597930196662, 11782.96, 152, 11782.97, 721
1597930196713, 11782.96, 152, 11782.97, 721
1597930196722, 11782.96, 152, 11782.97, 721
1597930196743, 11782.96, 52, 11782.97, 717
1597930196781, 11782.96, 31, 11782.97, 717
1597930196842, 11782.96, 31, 11782.97, 717
1597930196893, 11782.96, 31, 11782.97, 721
1597930197080, 11782.96, 31, 11782.97, 721
1597930197163, 11782.96, 141, 11782.97, 721
1597930197170, 11782.96, 141, 11782.97, 721
1597930197253, 11782.96, 141, 11782.97, 721
1597930197292, 11782.96, 141, 11782.97, 717
1597930197352, 11782.96, 141, 11782.97, 717
1597930197409, 11782.96, 141, 11782.97, 721
1597930197463, 11782.96, 31, 11782.97, 721
1597930197562, 11782.96, 31, 11782.97, 721
1597930197673, 11782.96, 31, 11782.97, 721
1597930197680, 11782.96, 31, 11782.97, 721
1597930197823, 11781.85, 3, 11782.96, 39
1597930197823, 11781.85, 3, 11782.96, 39
1597930197892, 11781.85, 3, 11782.96, 51
1597930197913, 11781.86, 2, 11782.37, 115
1597930197952, 11781.86, 14, 11782.37, 115
1597930197980, 11781.86, 14, 11782.37, 115
1597930198011, 11781.86, 14, 11781.87, 106
1597930198042, 11781.86, 18, 11781.87, 106
1597930198070, 11781.86, 18, 11781.87, 106
1597930198130, 11781.86, 158, 11781.87, 106
1597930198162, 11781.86, 167, 11781.87, 106
1597930198222, 11781.86, 217, 11781.87, 106
1597930198273, 11781.86, 869, 11781.87, 106
1597930198333, 11781.86, 869, 11781.87, 106
1597930198393, 11781.86, 869, 11781.87, 100
1597930198430, 11781.86, 869, 11781.87, 100
1597930199563, 11781.86, 869, 11781.87, 100
1597930199902, 11781.86, 873, 11781.87, 100
1597930199930, 11781.86, 873, 11782.36, 21
1597930199960, 11781.86, 873, 11782.36, 21
1597930199995, 11782.35, 744, 11782.36, 21
1597930200110, 11782.35, 910, 11782.96, 39
1597930200262, 11782.35, 871, 11782.96, 39
1597930200313, 11782.95, 596, 11782.96, 39
1597930200373, 11782.95, 596, 11782.96, 39
1597930200433, 11782.95, 710, 11782.96, 154
1597930200470, 11782.95, 710, 11782.96, 760
1597930200530, 11782.95, 158, 11782.96, 760
1597930200583, 11782.95, 154, 11782.96, 766
1597930200590, 11782.95, 154, 11782.96, 766
1597930200643, 11782.95, 154, 11782.96, 766
1597930200733, 11782.95, 835, 11782.96, 766
1597930200823, 11782.95, 839, 11782.96, 766
1597930200861, 11782.95, 839, 11782.96, 761
1597930200980, 11782.95, 835, 11782.96, 766
1597930201073, 11782.95, 835, 11782.96, 802
1597930201183, 11782.95, 835, 11782.96, 802
1597930201304, 11782.95, 835, 11782.96, 201
1597930201333, 11782.95, 835, 11782.96, 196
1597930201393, 11782.95, 839, 11782.96, 190
1597930201490, 11782.95, 839, 11782.96, 195
1597930201582, 11782.95, 839, 11782.96, 195
1597930201604, 11782.95, 839, 11782.96, 195
1597930201673, 11782.95, 839, 11782.96, 884
1597930201693, 11782.95, 48, 11782.96, 884
1597930201732, 11782.95, 48, 11782.96, 879
1597930201753, 11782.42, 3, 11782.96, 879
1597930201796, 11782.36, 44, 11782.96, 879
1597930201813, 11782.95, 110, 11782.96, 879
1597930201843, 11782.95, 110, 11782.96, 769
1597930201904, 11782.95, 110, 11782.96, 775
1597930201963, 11782.95, 110, 11782.96, 775
1597930202003, 11782.95, 110, 11782.96, 890
1597930202053, 11782.95, 110, 11782.96, 890
1597930202113, 11782.95, 110, 11782.96, 885
1597930202150, 11782.95, 110, 11782.96, 885
1597930202233, 11782.95, 110, 11782.96, 890
1597930202270, 11782.95, 110, 11782.96, 890
1597930202332, 11782.95, 110, 11782.96, 890
1597930202383, 11782.95, 110, 11782.96, 890
1597930202443, 11782.95, 110, 11782.96, 890
1597930202512, 11782.95, 110, 11782.96, 885
1597930202573, 11782.95, 110, 11782.96, 885
1597930202593, 11782.95, 110, 11782.96, 890
1597930202601, 11782.95, 110, 11782.96, 890
1597930202663, 11782.95, 110, 11782.96, 890
1597930202663, 11782.95, 110, 11782.96, 890
1597930202873, 11782.95, 110, 11782.96, 885
1597930202990, 11782.95, 110, 11782.96, 890
1597930203104, 11782.95, 779, 11782.96, 890
1597930203142, 11782.95, 779, 11782.96, 201
1597930203193, 11782.95, 788, 11782.96, 201
1597930203253, 11782.95, 788, 11782.96, 201
1597930203290, 11782.95, 788, 11782.96, 838
1597930203404, 11782.95, 788, 11782.96, 838
1597930203592, 11782.95, 788, 11782.96, 838
1597930203650, 11782.95, 788, 11782.96, 838
1597930203707, 11782.95, 788, 11782.96, 838
1597930203742, 11782.95, 788, 11782.96, 838
1597930203914, 11782.95, 788, 11782.96, 838
1597930204010, 11782.95, 788, 11782.96, 833
1597930204160, 11782.95, 788, 11782.96, 201
1597930204273, 11782.95, 792, 11782.96, 201
1597930204423, 11782.95, 792, 11782.96, 201
1597930204573, 11782.95, 792, 11782.96, 196
1597930204612, 11782.95, 792, 11782.96, 196
1597930204673, 11782.95, 792, 11782.96, 840
1597930204702, 11782.95, 123, 11782.96, 839
1597930204762, 11782.95, 119, 11782.96, 839
1597930204973, 11782.95, 119, 11782.96, 839
1597930204993, 11782.95, 119, 11782.96, 834
1597930205030, 11782.95, 677, 11782.96, 834
1597930205083, 11782.95, 677, 11782.96, 839
1597930205143, 11782.95, 681, 11782.96, 839
1597930205233, 11782.95, 681, 11782.96, 839
1597930205390, 11782.95, 681, 11782.96, 839
1597930205443, 11782.95, 681, 11782.96, 839
1597930205504, 11782.95, 681, 11782.96, 839
1597930205542, 11782.95, 681, 11782.96, 839
1597930205953, 11782.95, 681, 11782.96, 839
1597930205962, 11782.95, 681, 11782.96, 839
1597930206080, 11782.95, 681, 11782.96, 834
1597930206163, 11782.95, 677, 11782.96, 839
1597930206253, 11782.95, 677, 11782.96, 195
1597930206320, 11782.95, 681, 11782.96, 195
1597930206352, 11782.95, 681, 11782.96, 195
1597930206373, 11782.95, 681, 11782.96, 195
1597930206404, 11782.95, 677, 11782.96, 821
1597930206442, 11782.95, 119, 11782.96, 821
1597930206463, 11782.95, 119, 11782.96, 816
1597930206502, 11782.95, 119, 11782.96, 816
1597930206530, 11782.95, 119, 11782.96, 816
1597930206562, 11782.95, 119, 11782.96, 821
1597930206583, 11782.95, 119, 11782.96, 821
1597930206613, 11782.95, 806, 11782.96, 195
1597930206712, 11782.95, 810, 11782.96, 195
1597930206763, 11782.95, 810, 11782.96, 80
1597930206823, 11782.95, 819, 11782.96, 39
1597930206883, 11782.95, 819, 11782.96, 39
1597930206891, 11782.95, 819, 11782.96, 39
1597930206920, 11782.95, 819, 11782.96, 39
1597930206973, 11782.95, 819, 11782.96, 39
1597930206981, 11782.95, 819, 11782.96, 39
1597930207033, 11782.95, 819, 11782.96, 39
1597930207070, 11782.95, 819, 11782.96, 39
1597930207102, 11782.95, 819, 11782.96, 39
1597930207222, 11782.95, 819, 11782.96, 39
1597930207252, 11782.95, 819, 11782.96, 39
1597930207273, 11782.95, 819, 11782.96, 39
1597930207311, 11782.95, 819, 11782.96, 39
1597930207430, 11782.95, 819, 11782.96, 39
1597930207522, 11782.95, 819, 11782.96, 39
1597930207580, 11782.95, 819, 11782.96, 154
1597930207580, 11782.95, 819, 11782.96, 154
1597930207904, 11782.95, 819, 11782.96, 159
1597930207944, 11782.95, 819, 11782.96, 159
1597930207973, 11782.95, 819, 11782.96, 159
1597930207993, 11782.95, 815, 11782.96, 159
1597930208090, 11782.95, 815, 11782.96, 159
1597930208122, 11782.95, 815, 11782.96, 159
1597930208181, 11782.95, 815, 11782.96, 154
1597930208242, 11782.95, 815, 11782.96, 159
1597930208804, 11782.95, 815, 11782.96, 159
1597930208932, 11782.95, 820, 11782.96, 39
1597930208960, 11782.95, 820, 11782.96, 39
1597930209015, 11782.95, 820, 11782.96, 39
1597930209073, 11782.95, 824, 11782.96, 44
1597930209142, 11782.95, 824, 11782.96, 159
1597930209170, 11782.95, 824, 11782.96, 159
1597930209260, 11782.95, 824, 11782.96, 159
1597930209523, 11782.95, 824, 11782.96, 159
1597930209562, 11782.95, 824, 11782.96, 159
1597930210033, 11782.95, 824, 11782.96, 159
1597930210093, 11782.95, 27, 11782.96, 159
1597930210102, 11782.95, 9, 11782.96, 159
1597930210130, 11782.95, 9, 11782.96, 170
1597930210162, 11782.95, 5, 11782.96, 170
1597930210183, 11782.95, 5, 11782.96, 170
1597930210222, 11782.95, 115, 11782.96, 175
1597930210243, 11782.95, 5, 11782.96, 175
1597930210333, 11782.95, 49, 11782.96, 175
1597930210373, 11782.95, 49, 11782.96, 175
1597930210393, 11782.95, 159, 11782.96, 175
1597930210430, 11782.95, 154, 11782.96, 175
1597930210483, 11782.95, 154, 11782.96, 175
1597930210543, 11782.95, 154, 11782.96, 175
1597930210642, 11782.95, 154, 11782.96, 175
1597930210693, 11782.95, 154, 11782.96, 175
1597930210822, 11782.95, 164, 11782.96, 159
1597930210843, 11782.95, 164, 11782.96, 159
1597930210904, 11782.95, 164, 11782.96, 159
1597930211032, 11782.95, 164, 11782.96, 159
1597930211053, 11782.95, 164, 11782.96, 154
1597930211090, 11782.95, 164, 11782.96, 154
1597930211181, 11782.95, 164, 11782.96, 159
1597930211204, 11782.95, 164, 11782.96, 159
1597930211242, 11782.95, 164, 11782.96, 159
1597930211300, 11782.95, 164, 11782.96, 159
1597930211353, 11782.95, 164, 11782.96, 159
1597930211413, 11782.95, 164, 11782.96, 159
1597930211600, 11782.95, 164, 11782.96, 154
1597930211750, 11782.95, 164, 11782.96, 159
1597930211983, 11782.95, 164, 11782.96, 686
1597930211991, 11782.95, 164, 11782.96, 708
1597930212052, 11782.95, 164, 11782.96, 708
1597930212110, 11782.95, 164, 11782.96, 703
1597930212133, 11782.95, 120, 11782.96, 703
1597930212170, 11782.95, 10, 11782.96, 703
1597930212224, 11782.95, 10, 11782.96, 708
1597930212262, 11782.95, 10, 11782.96, 708
1597930212373, 11782.95, 164, 11782.96, 708
1597930212470, 11782.95, 164, 11782.96, 703
1597930212530, 11782.95, 164, 11782.96, 703
1597930212562, 11782.95, 164, 11782.96, 703
1597930212591, 11782.95, 164, 11782.96, 708
1597930212680, 11782.95, 164, 11782.96, 708
1597930212680, 11782.95, 164, 11782.96, 708
1597930213243, 11782.95, 164, 11782.96, 181
1597930213342, 11782.95, 164, 11782.96, 181
1597930213373, 11782.95, 164, 11782.96, 181
1597930213401, 11782.95, 164, 11782.96, 176
1597930213604, 11782.95, 164, 11782.96, 181
1597930213850, 11782.95, 166, 11782.96, 181
1597930214002, 11782.95, 166, 11782.96, 181
1597930214113, 11782.95, 166, 11782.96, 181
1597930214263, 11782.95, 166, 11782.96, 176
1597930214323, 11782.95, 166, 11782.96, 700
1597930214413, 11782.95, 166, 11782.96, 705
1597930214623, 11782.95, 166, 11782.96, 705
1597930214720, 11782.95, 166, 11782.96, 705
1597930214773, 11782.95, 166, 11782.96, 700
1597930214812, 11782.95, 122, 11782.96, 700
1597930214923, 11782.95, 122, 11782.96, 705
1597930214983, 11782.95, 166, 11782.96, 705
1597930215020, 11782.95, 122, 11782.96, 159
1597930215133, 11782.95, 126, 11782.96, 159
1597930215142, 11782.95, 126, 11782.96, 159
1597930215193, 11782.95, 170, 11782.96, 154
1597930215230, 11782.95, 126, 11782.96, 154
1597930215253, 11782.95, 126, 11782.96, 154
1597930215283, 11782.95, 126, 11782.96, 159
1597930215380, 11782.95, 126, 11782.96, 159
1597930215433, 11782.95, 126, 11782.96, 159
1597930215473, 11782.95, 126, 11782.96, 159
1597930215680, 11782.95, 631, 11782.96, 159
1597930215793, 11782.95, 631, 11782.96, 774
1597930215853, 11782.95, 631, 11782.96, 769
1597930215890, 11782.95, 627, 11782.96, 769
1597930215943, 11782.95, 627, 11782.96, 774
1597930216004, 11782.95, 627, 11782.96, 774
1597930216550, 11782.95, 617, 11782.96, 774
1597930216663, 11782.95, 617, 11782.96, 774
1597930216910, 11782.95, 112, 11782.96, 774
1597930217002, 11782.95, 112, 11782.96, 774
1597930217091, 11782.95, 112, 11782.96, 774
1597930217113, 11782.95, 112, 11782.96, 774
1597930217210, 11782.95, 112, 11782.96, 774
1597930217473, 11782.95, 112, 11782.96, 774
1597930217660, 11782.95, 112, 11782.96, 774
1597930217720, 11782.95, 112, 11782.96, 774
1597930217833, 11782.95, 112, 11782.96, 774
1597930217833, 11782.95, 112, 11782.96, 774
1597930217983, 11782.95, 112, 11782.96, 774
1597930218174, 11782.95, 112, 11782.96, 774
1597930218230, 11782.95, 2, 11782.96, 787
1597930218283, 11782.95, 2, 11782.96, 774
1597930218343, 11782.95, 6, 11782.96, 774
1597930218380, 11782.95, 116, 11782.96, 774
1597930218433, 11782.95, 116, 11782.96, 774
1597930218493, 11782.95, 116, 11782.96, 774
1597930218530, 11782.95, 116, 11782.96, 774
1597930218643, 11782.95, 116, 11782.96, 774
1597930219162, 11782.95, 116, 11782.96, 774
1597930219304, 11782.95, 116, 11782.96, 774
1597930220060, 11782.95, 121, 11782.96, 769
1597930220181, 11782.95, 121, 11782.96, 774
1597930220512, 11782.95, 116, 11782.96, 774
1597930220780, 11782.95, 703, 11782.96, 159
1597930220833, 11782.95, 710, 11782.96, 159
1597930221111, 11782.95, 703, 11782.96, 159
1597930221380, 11782.95, 703, 11782.96, 159
1597930221404, 11782.95, 703, 11782.96, 790
1597930221501, 11782.95, 699, 11782.96, 790
1597930221590, 11782.95, 699, 11782.96, 790
1597930221890, 11782.95, 699, 11782.96, 790
1597930221913, 11782.95, 699, 11782.96, 790
1597930221981, 11782.95, 699, 11782.96, 790
1597930222063, 11782.95, 699, 11782.96, 159
1597930222132, 11782.95, 703, 11782.96, 44
1597930222183, 11782.95, 703, 11782.96, 627
1597930222250, 11782.95, 703, 11782.96, 742
1597930222363, 11782.95, 116, 11782.96, 742
1597930222423, 11782.95, 112, 11782.96, 742
1597930222550, 11782.95, 112, 11782.96, 742
1597930222573, 11782.95, 112, 11782.96, 742
1597930222610, 11782.95, 112, 11782.96, 742
1597930222670, 11782.95, 112, 11782.96, 742
1597930222760, 11782.95, 112, 11782.96, 742
1597930222843, 11782.95, 611, 11782.96, 742
1597930222843, 11782.95, 611, 11782.96, 742
1597930222881, 11782.95, 611, 11782.96, 159
1597930222910, 11782.95, 615, 11782.96, 159
1597930223053, 11782.95, 615, 11782.96, 159
1597930223083, 11782.95, 615, 11782.96, 159
1597930223143, 11782.95, 615, 11782.96, 159
1597930223930, 11782.95, 615, 11782.96, 44
1597930223953, 11782.95, 615, 11782.96, 44
1597930223990, 11782.95, 615, 11782.96, 44
1597930224081, 11782.95, 615, 11782.96, 44
1597930224104, 11783.04, 11, 11783.81, 133
1597930224142, 11783.04, 11, 11783.81, 133
1597930224163, 11783.04, 11, 11783.81, 133
1597930224174, 11783.04, 11, 11783.81, 133
1597930224223, 11783.8, 653, 11783.81, 133
1597930224232, 11783.8, 653, 11783.81, 133
1597930224253, 11783.8, 653, 11783.81, 133
1597930224290, 11783.8, 653, 11783.81, 133
1597930224313, 11783.8, 763, 11783.81, 133
1597930224350, 11783.8, 763, 11783.81, 133
1597930224373, 11783.8, 763, 11783.81, 133
1597930224410, 11783.8, 770, 11783.81, 248
1597930224463, 11783.8, 770, 11783.81, 248
1597930224502, 11783.8, 770, 11783.81, 248
1597930224560, 11783.8, 770, 11783.81, 248
1597930224673, 11783.8, 770, 11783.81, 248
1597930224883, 11783.8, 770, 11783.81, 926
1597930224920, 11783.8, 728, 11783.81, 926
1597930224950, 11783.8, 728, 11783.81, 926
1597930224973, 11783.8, 182, 11783.81, 929
1597930225070, 11783.8, 182, 11783.81, 286
1597930225093, 11783.8, 787, 11783.81, 286
1597930225243, 11783.8, 787, 11783.81, 856
1597930225252, 11783.8, 1704, 11783.81, 856
1597930225304, 11783.8, 1704, 11783.81, 856
1597930225333, 11783.8, 1704, 11783.81, 286
1597930225370, 11783.8, 1704, 11783.81, 286
1597930225393, 11783.8, 1704, 11783.81, 286
1597930225430, 11783.8, 1704, 11783.81, 286
1597930225453, 11783.8, 1704, 11783.81, 286
1597930225460, 11783.8, 1704, 11783.81, 286
1597930225520, 11783.8, 1704, 11783.81, 286
1597930225543, 11783.8, 1704, 11783.81, 286
1597930225582, 11783.8, 1697, 11783.81, 286
1597930225633, 11783.8, 1699, 11783.81, 286
1597930225790, 11783.8, 1699, 11783.81, 286
1597930225944, 11783.8, 1699, 11783.81, 286
1597930227104, 11783.8, 782, 11783.81, 286
1597930227290, 11783.8, 782, 11783.81, 286
1597930227322, 11783.8, 782, 11783.81, 286
1597930227343, 11783.8, 782, 11783.81, 286
1597930227404, 11783.8, 782, 11783.81, 286
1597930227442, 11783.8, 782, 11783.81, 286
1597930227463, 11783.8, 782, 11783.81, 286
1597930227493, 11783.8, 782, 11783.81, 286
1597930227553, 11783.8, 782, 11783.81, 286
1597930227613, 11783.8, 782, 11783.81, 286
1597930227800, 11783.8, 782, 11783.81, 286
1597930227800, 11783.8, 782, 11783.81, 286
1597930227853, 11783.8, 782, 11783.81, 286
1597930227913, 11783.8, 782, 11783.81, 286
1597930227950, 11783.8, 782, 11783.81, 286
1597930228273, 11783.8, 782, 11783.81, 286
1597930228313, 11783.8, 782, 11783.81, 286
1597930228363, 11783.8, 782, 11783.81, 286
1597930228402, 11783.8, 782, 11783.81, 286
1597930228460, 11783.8, 782, 11783.81, 286
1597930228552, 11783.8, 761, 11783.81, 286
1597930228723, 11783.8, 761, 11783.81, 286
1597930228783, 11783.8, 761, 11783.81, 286
1597930229030, 11783.8, 761, 11783.81, 286
1597930229032, 11783.8, 761, 11783.81, 286
1597930229120, 11783.8, 156, 11783.81, 286
1597930229353, 11783.8, 156, 11783.81, 286
1597930229443, 11783.8, 156, 11783.81, 286
1597930229542, 11783.8, 156, 11783.81, 286
1597930229630, 11783.8, 156, 11783.81, 286
1597930229743, 11783.8, 156, 11783.81, 286
1597930229780, 11783.8, 156, 11783.81, 286
1597930229842, 11783.8, 156, 11783.81, 286
1597930230290, 11783.8, 156, 11783.81, 286
1597930230314, 11783.8, 156, 11783.81, 286
1597930230710, 11783.8, 156, 11783.81, 286
1597930230800, 11783.8, 156, 11783.81, 286
1597930231273, 11783.8, 156, 11783.81, 286
1597930231393, 11783.8, 156, 11783.81, 286
1597930232780, 11783.8, 156, 11783.81, 286
1597930232780, 11783.8, 156, 11783.81, 286
1597930233163, 11783.8, 156, 11783.81, 286
1597930233200, 11783.8, 156, 11783.81, 286
1597930233283, 11783.8, 156, 11783.81, 286
1597930233290, 11783.8, 174, 11783.81, 286
1597930233433, 11783.8, 174, 11783.81, 286
1597930233442, 11783.8, 174, 11783.81, 286
1597930233523, 11783.8, 174, 11783.81, 286
1597930233620, 11783.8, 174, 11783.81, 286
1597930233673, 11783.8, 174, 11783.81, 286
1597930233710, 11783.8, 174, 11783.81, 286
1597930233770, 11783.8, 174, 11783.81, 286
1597930233793, 11783.8, 174, 11783.81, 286
1597930233853, 11783.8, 174, 11783.81, 286
1597930233943, 11783.8, 761, 11783.81, 286
1597930234093, 11783.8, 761, 11783.81, 286
1597930234183, 11783.8, 761, 11783.81, 289
1597930234543, 11783.8, 761, 11783.81, 174
1597930234604, 11783.8, 761, 11783.81, 174
1597930234642, 11783.8, 761, 11783.81, 171
1597930234663, 11783.8, 761, 11783.81, 171
1597930234693, 11783.8, 761, 11783.81, 171
1597930234730, 11783.8, 761, 11783.81, 171
1597930234813, 11783.8, 761, 11783.81, 171
1597930234904, 11783.8, 761, 11783.81, 171
1597930235923, 11783.8, 781, 11783.81, 171
1597930236073, 11783.8, 781, 11783.81, 171
1597930236112, 11783.8, 781, 11783.81, 171
1597930236201, 11783.8, 789, 11783.81, 171
1597930236260, 11783.8, 789, 11783.81, 171
1597930236322, 11783.8, 789, 11783.81, 171
1597930236412, 11783.8, 789, 11783.81, 171
1597930236500, 11783.8, 791, 11783.81, 171
1597930236643, 11783.8, 773, 11783.81, 171
1597930236650, 11783.8, 773, 11783.81, 133
1597930236733, 11783.8, 772, 11783.81, 248
1597930236800, 11783.8, 771, 11783.81, 133
1597930236853, 11783.8, 799, 11783.81, 133
1597930236922, 11783.8, 799, 11783.81, 133
1597930236950, 11783.8, 799, 11783.81, 248
1597930237033, 11783.8, 799, 11783.81, 248
1597930237093, 11783.8, 799, 11783.81, 248
1597930237213, 11783.8, 799, 11783.81, 248
1597930237252, 11783.8, 799, 11783.81, 248
1597930237347, 11783.8, 799, 11783.81, 248
1597930237783, 11783.8, 799, 11785.73, 88
1597930237820, 11783.8, 661, 11786.84, 631
1597930237820, 11783.8, 661, 11786.84, 631
1597930237904, 11784.39, 110, 11785.72, 2
1597930237970, 11784.76, 7, 11785.72, 19
1597930238143, 11784.76, 7, 11786.83, 5
1597930238233, 11784.98, 110, 11785.13, 110
1597930238242, 11784.98, 110, 11785.13, 110
1597930238330, 11785.79, 38, 11788.76, 27
1597930238391, 11785.79, 38, 11788.76, 27
1597930238443, 11785.8, 50, 11788.75, 1
1597930238480, 11785.8, 50, 11792.49, 175
1597930238505, 11786.38, 46, 11792.08, 87
1597930238563, 11786.38, 46, 11792.08, 87
1597930238632, 11788.74, 616, 11791.12, 27
1597930238750, 11788.74, 616, 11791.12, 27
1597930238833, 11791.11, 21, 11791.12, 27
1597930238923, 11791.11, 21, 11791.12, 27
1597930238960, 11791.11, 42, 11791.12, 27
1597930239073, 11791.11, 262, 11791.12, 62
1597930239412, 11791.11, 1220, 11791.12, 64
1597930239583, 11791.11, 979, 11791.12, 677
1597930239620, 11791.11, 958, 11791.12, 642
1597930239680, 11791.11, 958, 11791.12, 642
1597930239712, 11791.11, 958, 11791.12, 652
1597930239793, 11791.11, 1216, 11791.12, 687
1597930239853, 11791.11, 1216, 11791.12, 687
1597930239883, 11791.11, 259, 11791.12, 687
1597930239980, 11791.11, 259, 11791.12, 687
1597930240007, 11791.11, 259, 11791.12, 699
1597930240093, 11791.11, 259, 11791.12, 677
1597930240153, 11791.11, 259, 11791.12, 677
1597930240190, 11791.11, 259, 11791.12, 677
1597930240243, 11791.11, 337, 11791.12, 677
1597930240252, 11791.11, 1219, 11791.12, 677
1597930240312, 11791.11, 1741, 11791.12, 677
1597930240342, 11791.11, 1741, 11791.12, 37
1597930240453, 11791.11, 1741, 11791.12, 2
1597930240490, 11791.11, 1741, 11791.12, 2
1597930240521, 11791.11, 1741, 11791.12, 2
1597930240550, 11791.11, 1741, 11791.12, 2
1597930240581, 11791.11, 1741, 11791.12, 2
1597930240642, 11791.11, 1741, 11791.12, 2
1597930240663, 11791.11, 1741, 11791.12, 2
1597930240700, 11791.11, 1741, 11791.12, 2
1597930240753, 11791.11, 1741, 11791.12, 2
1597930240813, 11791.11, 1741, 11791.12, 536
1597930240963, 11791.11, 1741, 11791.12, 571
1597930241032, 11791.11, 1764, 11791.12, 571
1597930241092, 11791.11, 1764, 11791.12, 534
1597930241173, 11791.11, 1764, 11791.12, 534
1597930241323, 11791.11, 1764, 11791.12, 534
1597930241452, 11791.11, 1242, 11791.12, 534
1597930241563, 11791.11, 1242, 11791.12, 534
1597930241623, 11791.11, 1242, 11791.12, 534
1597930241720, 11791.11, 1242, 11791.12, 534
1597930241773, 11791.11, 1242, 11791.12, 534
1597930241870, 11791.11, 1242, 11791.12, 534
1597930241983, 11791.11, 1242, 11791.12, 534
1597930242021, 11791.11, 1242, 11791.12, 534
1597930242112, 11791.11, 1242, 11791.12, 534
1597930242133, 11791.11, 1242, 11791.12, 534
1597930242173, 11791.11, 1242, 11791.12, 534
1597930242253, 11791.11, 1242, 11791.12, 534
1597930242283, 11791.11, 1242, 11791.12, 534
1597930242322, 11791.11, 1242, 11791.12, 534
1597930242433, 11791.11, 1242, 11791.12, 534
1597930242680, 11791.11, 1242, 11791.12, 534
1597930242742, 11791.11, 1242, 11791.12, 534
1597930242800, 11791.11, 1242, 11791.12, 534
1597930242800, 11791.11, 1242, 11791.12, 534
1597930242950, 11791.11, 1242, 11791.12, 534
1597930243453, 11791.11, 1242, 11791.12, 534
1597930243462, 11791.11, 1242, 11791.12, 534
1597930243581, 11791.11, 1242, 11791.12, 534
1597930243670, 11791.11, 1242, 11791.12, 534
1597930243693, 11791.11, 1242, 11791.12, 534
1597930243732, 11791.11, 1894, 11791.12, 534
1597930243760, 11791.11, 1894, 11791.12, 534
1597930243783, 11791.11, 1894, 11791.12, 534
1597930243820, 11791.11, 1894, 11791.12, 534
1597930243843, 11791.11, 1894, 11791.12, 534
1597930243850, 11791.11, 1894, 11791.12, 534
1597930243970, 11791.11, 1894, 11791.12, 534
1597930244060, 11791.11, 1894, 11791.12, 534
1597930244602, 11791.11, 1242, 11791.12, 534
1597930244623, 11791.11, 1242, 11791.12, 534
1597930244660, 11791.11, 1242, 11791.12, 534
1597930244713, 11791.11, 1242, 11791.12, 569
1597930244870, 11791.11, 1242, 11791.12, 569
1597930244923, 11791.11, 1242, 11791.12, 569
1597930244953, 11791.11, 1242, 11791.12, 569
1597930245073, 11791.11, 1242, 11791.12, 569
1597930245133, 11791.11, 1242, 11791.12, 569
1597930245163, 11791.11, 1242, 11791.12, 569
1597930245223, 11791.11, 1242, 11791.12, 569
1597930245262, 11791.11, 1242, 11791.12, 569
1597930245352, 11791.11, 1242, 11791.12, 569
1597930245504, 11791.11, 1242, 11791.12, 569
1597930245590, 11791.11, 1242, 11791.12, 569
1597930246073, 11791.11, 1776, 11791.12, 569
1597930246153, 11791.11, 1242, 11791.12, 569
1597930246160, 11791.11, 1242, 11791.12, 569
1597930246183, 11791.11, 1242, 11791.12, 569
1597930246282, 11791.11, 1806, 11791.12, 569
1597930246304, 11791.11, 1806, 11791.12, 569
1597930246432, 11791.11, 1806, 11791.12, 569
1597930246663, 11791.11, 1242, 11791.12, 569
1597930246693, 11791.11, 1242, 11791.12, 569
1597930246814, 11791.11, 1842, 11791.12, 35
1597930246843, 11791.11, 1242, 11791.12, 35
1597930246910, 11791.11, 1242, 11791.82, 27
1597930246970, 11791.11, 1242, 11791.82, 27
1597930247023, 11791.11, 1022, 11791.82, 27
1597930247053, 11791.7, 220, 11791.81, 21
1597930247091, 11791.7, 220, 11791.81, 23
1597930247120, 11791.7, 220, 11791.81, 21
1597930247152, 11791.7, 220, 11791.81, 21
1597930247204, 11791.71, 1, 11791.81, 21
1597930247210, 11791.8, 220, 11791.81, 21
1597930247263, 11791.8, 220, 11791.81, 21
1597930247301, 11791.8, 220, 11791.81, 22
1597930247330, 11791.8, 220, 11791.81, 23
1597930247420, 11791.8, 221, 11791.81, 23
1597930247683, 11791.8, 221, 11791.81, 23
1597930247713, 11791.8, 221, 11791.81, 2
1597930247713, 11791.8, 221, 11791.81, 2
1597930248112, 11791.8, 221, 11791.81, 2
1597930248223, 11791.8, 221, 11791.81, 2
1597930248343, 11791.8, 221, 11791.81, 2
1597930248710, 11791.8, 221, 11791.81, 23
1597930249342, 11791.8, 221, 11791.81, 23
1597930249453, 11791.8, 221, 11791.81, 23
1597930249513, 11791.8, 221, 11791.81, 2
1597930249543, 11791.8, 221, 11791.81, 2
1597930249580, 11791.8, 221, 11791.81, 12
1597930249606, 11791.8, 221, 11791.81, 47
1597930249642, 11791.8, 221, 11791.81, 37
1597930249942, 11791.8, 221, 11791.81, 2
1597930250383, 11791.8, 221, 11791.81, 2
1597930250390, 11791.8, 221, 11791.81, 2
1597930250593, 11791.8, 221, 11791.81, 2
1597930250600, 11791.8, 221, 11791.81, 2
1597930250623, 11791.8, 221, 11791.81, 2
1597930250683, 11791.8, 221, 11791.81, 2
1597930250720, 11791.8, 221, 11791.81, 2
1597930250743, 11791.8, 221, 11791.81, 2
1597930250755, 11791.8, 221, 11791.81, 2
1597930250773, 11791.8, 221, 11791.81, 2
1597930250812, 11791.8, 221, 11791.81, 2
1597930250873, 11791.8, 221, 11791.81, 2
1597930250904, 11791.8, 221, 11791.81, 2
1597930250960, 11791.8, 221, 11791.81, 2
1597930251081, 11791.8, 221, 11791.81, 2
1597930251193, 11791.8, 221, 11791.83, 133
1597930251253, 11791.8, 221, 11791.83, 133
1597930251313, 11791.8, 220, 11791.83, 133
1597930251404, 11791.81, 1, 11791.83, 133
1597930251463, 11791.81, 1, 11791.83, 133
1597930251479, 11791.8, 220, 11791.82, 2
1597930251523, 11791.8, 220, 11791.82, 2
1597930251553, 11791.11, 991, 11791.83, 133
1597930251591, 11791.82, 220, 11791.83, 133
1597930251613, 11791.82, 220, 11791.83, 133
1597930251652, 11791.82, 220, 11791.83, 133
1597930251681, 11791.82, 220, 11791.83, 133
1597930251704, 11791.82, 220, 11791.83, 134
1597930251742, 11791.82, 220, 11791.83, 135
1597930251763, 11791.82, 220, 11791.83, 145
1597930251830, 11791.82, 220, 11791.83, 145
1597930251862, 11791.82, 220, 11791.83, 145
1597930251916, 11791.82, 234, 11791.83, 145
1597930251980, 11791.82, 234, 11791.83, 145
1597930252100, 11791.82, 234, 11791.83, 145
1597930252190, 11791.82, 234, 11791.83, 145
1597930252273, 11791.82, 234, 11791.83, 143
1597930252333, 11791.82, 234, 11791.83, 143
1597930252423, 11791.82, 234, 11791.83, 143
1597930252423, 11791.82, 234, 11791.83, 143
1597930254260, 11791.82, 234, 11791.83, 143
1597930254313, 11791.82, 244, 11791.83, 143
1597930254373, 11791.82, 975, 11791.83, 143
1597930254433, 11791.82, 975, 11791.83, 143
1597930254442, 11791.82, 975, 11791.83, 143
1597930254532, 11791.82, 975, 11791.83, 143
1597930254583, 11791.82, 975, 11791.83, 143
1597930254652, 11791.82, 975, 11791.83, 143
1597930254733, 11791.82, 975, 11791.83, 143
1597930254770, 11791.82, 975, 11791.83, 143
1597930254862, 11791.82, 244, 11791.83, 133
1597930254922, 11791.82, 244, 11791.83, 133
1597930255033, 11791.82, 244, 11791.83, 133
1597930255073, 11791.82, 244, 11791.83, 133
1597930255333, 11791.82, 244, 11791.83, 133
1597930255373, 11791.82, 231, 11791.83, 133
1597930255401, 11791.82, 231, 11791.83, 133
1597930255550, 11791.82, 231, 11791.83, 133
1597930255581, 11791.82, 231, 11791.83, 133
1597930255674, 11791.82, 231, 11791.83, 133
1597930255813, 11791.82, 231, 11791.83, 133
1597930256002, 11791.82, 231, 11791.83, 133
1597930256023, 11791.82, 221, 11791.83, 168
1597930256113, 11791.82, 221, 11791.83, 168
1597930256242, 11791.82, 221, 11791.83, 206
1597930256323, 11791.82, 221, 11791.83, 206
1597930256443, 11791.82, 221, 11791.83, 206
1597930256473, 11791.82, 221, 11791.83, 206
1597930256602, 11791.82, 221, 11791.83, 206
1597930256683, 11791.82, 221, 11791.83, 206
1597930256722, 11791.82, 221, 11791.83, 206
1597930256743, 11791.82, 221, 11791.83, 206
1597930256752, 11791.82, 1, 11791.83, 206
1597930256773, 11791.82, 1, 11791.83, 206
1597930256812, 11791.82, 1, 11791.83, 206
1597930256833, 11791.82, 1, 11791.83, 206
1597930256893, 11791.82, 1, 11791.83, 206
1597930256930, 11791.82, 1, 11791.83, 206
1597930257253, 11791.82, 1, 11791.83, 206
1597930257343, 11791.82, 228, 11791.83, 168
1597930257404, 11791.82, 8, 11791.83, 168
1597930257442, 11791.82, 8, 11791.83, 168
1597930257493, 11791.82, 8, 11791.83, 168
1597930257553, 11791.82, 8, 11791.83, 168
1597930257613, 11791.82, 8, 11791.83, 168
1597930257682, 11791.82, 1, 11791.83, 168
1597930257742, 11791.82, 1, 11791.83, 168
1597930257800, 11791.82, 221, 11791.83, 168
1597930257800, 11791.82, 221, 11791.83, 168
1597930257853, 11791.82, 751, 11791.83, 168
1597930257891, 11791.82, 751, 11791.83, 133
1597930257980, 11791.82, 751, 11791.83, 133
1597930258004, 11791.82, 751, 11791.83, 133
1597930258213, 11791.82, 751, 11791.83, 133
1597930258273, 11791.82, 245, 11791.83, 133
1597930258281, 11791.82, 245, 11791.83, 133
1597930258363, 11791.82, 245, 11791.83, 133
1597930258423, 11791.82, 245, 11791.83, 133
1597930258432, 11791.82, 245, 11791.83, 133
1597930258513, 11791.82, 245, 11791.83, 133
1597930258762, 11791.82, 273, 11791.83, 133
1597930258873, 11791.82, 273, 11791.83, 133
1597930258973, 11791.82, 273, 11791.83, 133
1597930259143, 11791.82, 273, 11791.83, 133
1597930259173, 11791.82, 273, 11791.83, 133
1597930259300, 11791.82, 273, 11791.83, 133
1597930260553, 11790.27, 24, 11791.83, 133
1597930260613, 11790.25, 728, 11791.83, 133
1597930260652, 11790.28, 75, 11791.82, 21
1597930260704, 11790.28, 30, 11791.24, 110
1597930260763, 11790.87, 110, 11791.24, 110
1597930260823, 11790.87, 110, 11791.23, 1355
1597930260830, 11790.28, 19, 11791.23, 1355
1597930260883, 11790.28, 19, 11790.88, 10
1597930260890, 11790.28, 9, 11790.88, 10
1597930260913, 11790.25, 677, 11790.29, 10
1597930260973, 11790.25, 677, 11790.29, 10
1597930261063, 11790.26, 1, 11790.29, 120
1597930261123, 11790.28, 762, 11790.29, 120
1597930261130, 11790.28, 762, 11790.29, 120
1597930261190, 11790.28, 762, 11790.29, 10
1597930261243, 11790.28, 762, 11790.29, 10
1597930261252, 11790.28, 702, 11790.29, 10
1597930261273, 11790.28, 708, 11790.88, 21
1597930261312, 11790.28, 708, 11790.29, 110
1597930261342, 11790.28, 709, 11790.29, 110
1597930261400, 11790.28, 708, 11790.29, 110
1597930261424, 11790.28, 708, 11790.29, 114
1597930261460, 11790.28, 708, 11790.29, 114
1597930261483, 11790.28, 718, 11790.29, 114
1597930261522, 11790.28, 734, 11790.29, 110
1597930261543, 11790.28, 735, 11790.29, 110
1597930261573, 11790.28, 729, 11790.29, 110
1597930261700, 11790.28, 735, 11790.88, 21
1597930261723, 11790.28, 735, 11790.88, 21
1597930261732, 11790.28, 735, 11790.88, 21
1597930261760, 11790.28, 745, 11790.88, 21
1597930261783, 11790.87, 680, 11792.39, 24
1597930261843, 11791.29, 15, 11792.38, 15
1597930261904, 11790.87, 591, 11792.38, 16
1597930261933, 11791.46, 110, 11791.8, 105
1597930261973, 11791.46, 110, 11791.8, 105
1597930261993, 11791.46, 110, 11792.38, 2
1597930262053, 11791.46, 110, 11791.79, 170
1597930262062, 11791.79, 775, 11793.11, 14
1597930262120, 11792.37, 725, 11793.11, 14
1597930262143, 11793.1, 718, 11793.85, 27
1597930262263, 11793.1, 718, 11793.85, 27
1597930262300, 11793.1, 718, 11793.67, 10
1597930262330, 11793.11, 21, 11793.26, 105
1597930262353, 11793.11, 75, 11793.26, 105
1597930262392, 11793.11, 75, 11793.26, 105
1597930262420, 11793.12, 1, 11793.16, 10
1597930262473, 11793.12, 1, 11793.16, 10
1597930262504, 11793.12, 1, 11793.25, 35
1597930262510, 11793.24, 55, 11793.48, 30
1597930262542, 11793.15, 110, 11793.25, 2
1597930262570, 11793.15, 110, 11793.25, 2
1597930262602, 11793.11, 21, 11793.13, 2
1597930262653, 11791.78, 762, 11793.16, 172
1597930262690, 11793.12, 731, 11793.16, 2
1597930262714, 11793.12, 731, 11793.16, 2
1597930262804, 11793.12, 731, 11793.16, 2
1597930262812, 11793.15, 806, 11793.16, 10
1597930262812, 11793.15, 806, 11793.16, 10
1597930262870, 11793.15, 806, 11793.16, 10
1597930262923, 11793.15, 806, 11793.16, 10
1597930262983, 11793.15, 806, 11793.16, 10
1597930262990, 11793.15, 806, 11793.16, 2
1597930263073, 11793.15, 807, 11793.16, 2
1597930263111, 11793.15, 807, 11793.16, 2
1597930263142, 11793.15, 807, 11793.16, 2
1597930263223, 11793.15, 807, 11793.16, 2
1597930263313, 11793.15, 807, 11793.16, 2
1597930263622, 11793.15, 807, 11793.16, 2
1597930263733, 11793.15, 807, 11793.16, 172
1597930263793, 11793.15, 786, 11793.16, 172
1597930263800, 11793.15, 43, 11793.16, 172
1597930263823, 11793.15, 43, 11793.16, 172
1597930263883, 11793.15, 76, 11793.16, 172
1597930263890, 11793.15, 76, 11793.16, 172
1597930263943, 11793.15, 76, 11793.16, 172
1597930263950, 11793.15, 76, 11793.16, 172
1597930263973, 11793.15, 186, 11793.16, 198
1597930264042, 11793.15, 132, 11793.16, 198
1597930264093, 11793.15, 132, 11793.16, 198
1597930264153, 11793.15, 132, 11793.16, 244
1597930264162, 11793.15, 812, 11793.16, 244
1597930264243, 11793.15, 812, 11793.16, 209
1597930264432, 11793.15, 812, 11793.16, 209
1597930264453, 11793.15, 838, 11793.16, 198
1597930264520, 11793.15, 838, 11793.16, 172
1597930264543, 11793.15, 838, 11793.16, 172
1597930264606, 11793.15, 838, 11793.16, 172
1597930264663, 11793.15, 838, 11793.16, 172
1597930265180, 11793.15, 838, 11793.16, 172
1597930265204, 11793.15, 838, 11793.16, 172
1597930265263, 11793.15, 838, 11793.16, 172
1597930265302, 11793.15, 838, 11793.16, 172
1597930265662, 11793.15, 838, 11793.16, 220
1597930265773, 11793.15, 838, 11793.16, 220
1597930265780, 11793.15, 838, 11793.16, 220
1597930265812, 11793.15, 838, 11793.16, 220
1597930265893, 11793.15, 884, 11793.16, 220
1597930266022, 11793.15, 884, 11793.16, 220
1597930266133, 11793.15, 266, 11793.16, 220
1597930266232, 11793.15, 84, 11793.16, 824
1597930266343, 11793.15, 194, 11793.16, 824
1597930266442, 11793.15, 194, 11793.16, 824
1597930266502, 11793.15, 194, 11793.16, 829
1597930266832, 11793.15, 194, 11793.16, 824
1597930266893, 11793.15, 194, 11793.16, 824
1597930266913, 11793.15, 194, 11793.16, 829
1597930266951, 11793.15, 194, 11793.16, 829
1597930267100, 11793.15, 194, 11793.16, 829
1597930267304, 11793.15, 142, 11793.16, 829
1597930267363, 11793.15, 82, 11793.16, 829
1597930267460, 11793.15, 138, 11793.16, 829
1597930267491, 11793.15, 138, 11793.16, 829
1597930267513, 11793.15, 138, 11793.16, 829
1597930267573, 11793.15, 138, 11793.16, 829
1597930267610, 11793.15, 29, 11793.16, 829
1597930267642, 11793.15, 29, 11793.16, 829
1597930267723, 11791.15, 102, 11793.16, 829
1597930267760, 11793.15, 56, 11793.16, 829
1597930267813, 11793.15, 701, 11793.16, 225
1597930267852, 11793.15, 56, 11793.16, 235
1597930267852, 11793.15, 56, 11793.16, 235
1597930267912, 11793.15, 56, 11793.16, 904
1597930267970, 11792.16, 56, 11793.16, 904
1597930268023, 11792.15, 1, 11793.16, 904
1597930268083, 11792.15, 1, 11792.16, 669
1597930268121, 11791.16, 21, 11792.16, 679
1597930268173, 11792.15, 663, 11792.16, 714
1597930268233, 11792.15, 719, 11792.16, 10
1597930268242, 11792.15, 719, 11792.16, 10
1597930268270, 11792.15, 611, 11792.16, 10
1597930268330, 11792.15, 551, 11793.15, 61
1597930268383, 11792.15, 551, 11792.16, 220
1597930268422, 11792.15, 551, 11793.15, 61
1597930268443, 11792.16, 21, 11792.56, 220
1597930268452, 11792.16, 21, 11792.56, 220
1597930268480, 11792.16, 21, 11792.56, 220
1597930268533, 11792.55, 675, 11792.7, 10
1597930268573, 11792.55, 733, 11792.7, 10
1597930268593, 11792.55, 733, 11792.7, 10
1597930268630, 11792.69, 687, 11792.7, 10
1597930268683, 11792.69, 685, 11792.72, 40
1597930268722, 11792.69, 627, 11792.72, 40
1597930268743, 11792.69, 627, 11792.72, 40
1597930268783, 11792.69, 627, 11792.7, 220
1597930268804, 11792.69, 637, 11792.7, 221
1597930268842, 11792.69, 637, 11792.7, 846
1597930268893, 11792.69, 10, 11792.7, 844
1597930268953, 11792.69, 10, 11792.7, 844
1597930268990, 11792.69, 8, 11792.7, 882
1597930269043, 11792.69, 8, 11792.7, 882
1597930269107, 11792.62, 9, 11792.7, 662
1597930269193, 11792.62, 9, 11792.63, 775
1597930269253, 11792.62, 9, 11792.63, 797
1597930269314, 11792.62, 9, 11792.63, 797
1597930269322, 11792.62, 9, 11792.63, 797
1597930269350, 11791.71, 971, 11792.63, 797
1597930269373, 11791.71, 971, 11792.63, 799
1597930269442, 11791.71, 971, 11792.63, 579
1597930269463, 11792.62, 730, 11792.63, 45
1597930269473, 11792.62, 730, 11792.63, 45
1597930269532, 11792.62, 730, 11792.63, 265
1597930269553, 11792.62, 730, 11792.63, 905
1597930269592, 11792.62, 730, 11792.63, 905
1597930269613, 11792.62, 730, 11792.63, 905
1597930269704, 11792.62, 670, 11792.63, 905
1597930269800, 11792.62, 670, 11792.63, 884
1597930269860, 11792.62, 670, 11792.63, 884
1597930269914, 11792.62, 670, 11792.63, 884
1597930270010, 11792.62, 670, 11792.63, 884
1597930270033, 11792.62, 610, 11792.63, 884
1597930270132, 11792.62, 610, 11792.63, 884
1597930270160, 11792.62, 610, 11792.63, 884
1597930270213, 11792.62, 610, 11792.63, 884
1597930270252, 11792.62, 610, 11792.63, 884
1597930270273, 11792.62, 610, 11792.63, 884
1597930270310, 11791.71, 971, 11792.63, 884
1597930270342, 11791.71, 971, 11792.63, 884
1597930270370, 11791.71, 911, 11792.63, 884
1597930270401, 11791.72, 11, 11792.62, 12
1597930270462, 11791.72, 14, 11792.62, 21
1597930270483, 11792.17, 18, 11792.62, 21
1597930270520, 11792.61, 633, 11792.62, 21
1597930270573, 11792.61, 644, 11792.62, 21
1597930270614, 11792.17, 18, 11792.62, 732
1597930270633, 11792.17, 18, 11792.62, 732
1597930270693, 11792.17, 18, 11792.18, 581
1597930270723, 11792.17, 18, 11792.18, 811
1597930270783, 11792.17, 18, 11792.18, 826
1597930270820, 11792.17, 29, 11792.18, 846
1597930270880, 11792.17, 552, 11792.18, 846
1597930270993, 11792.17, 552, 11792.18, 230
1597930271083, 11792.17, 552, 11792.18, 230
1597930271143, 11792.17, 571, 11792.18, 220
1597930271180, 11792.17, 601, 11792.18, 220
1597930271293, 11792.17, 601, 11792.7, 48
1597930271330, 11792.17, 1422, 11792.7, 48
1597930271390, 11792.69, 756, 11792.7, 48
1597930271443, 11792.69, 768, 11792.7, 48
1597930271480, 11792.69, 756, 11792.7, 270
1597930271507, 11792.69, 756, 11792.7, 270
1597930271542, 11792.69, 756, 11792.7, 270
1597930271593, 11792.69, 759, 11792.7, 270
1597930271653, 11792.69, 759, 11792.7, 270
1597930271690, 11792.69, 759, 11792.7, 270
1597930271750, 11792.69, 759, 11792.7, 270
1597930271752, 11792.69, 759, 11792.7, 50
1597930271804, 11792.69, 759, 11792.7, 50
1597930271842, 11792.69, 759, 11792.7, 50
1597930271905, 11792.69, 759, 11792.7, 50
1597930271953, 11792.69, 759, 11792.7, 50
1597930272050, 11792.69, 738, 11792.7, 50
1597930272108, 11792.69, 759, 11792.7, 4
1597930272163, 11793.05, 15, 11793.9, 34
1597930272200, 11793.05, 15, 11794.23, 40
1597930272261, 11793.28, 46, 11794.23, 40
1597930272313, 11793.89, 763, 11795.12, 27
1597930272350, 11794.22, 511, 11795.62, 20
1597930272411, 11794.22, 511, 11795.62, 20
1597930272433, 11794.22, 569, 11796.18, 34
1597930272463, 11795.61, 642, 11796.18, 34
1597930272523, 11795.61, 663, 11796.18, 34
1597930272560, 11796.17, 58, 11797.19, 34
1597930272673, 11796.17, 911, 11797.19, 34
1597930272710, 11797.18, 63, 11797.19, 34
1597930272770, 11797.18, 63, 11797.19, 34
1597930272802, 11797.18, 63, 11797.19, 78
1597930272823, 11797.18, 63, 11797.19, 909
1597930272823, 11797.18, 63, 11797.19, 909
1597930272860, 11797.18, 63, 11797.19, 876
1597930272883, 11797.18, 63, 11797.19, 889
1597930272892, 11797.18, 63, 11797.19, 949
1597930272920, 11797.18, 63, 11797.19, 949
1597930272952, 11797.18, 63, 11797.19, 949
1597930273007, 11797.18, 63, 11797.19, 954
1597930273033, 11797.18, 63, 11797.19, 954
1597930273070, 11796.26, 3, 11796.94, 157
1597930273153, 11796.26, 3, 11796.94, 157
1597930273243, 11796.26, 2, 11796.27, 687
1597930273252, 11794.42, 58, 11796.27, 696
1597930273304, 11794.42, 58, 11796.27, 720
1597930273333, 11794.42, 58, 11794.43, 539
1597930273453, 11794.07, 58, 11794.43, 549
1597930273462, 11794.42, 3, 11794.43, 549
1597930273522, 11794.42, 3, 11794.43, 549
1597930273543, 11794.06, 27, 11794.07, 220
1597930273581, 11791.92, 58, 11794.07, 220
1597930273642, 11791.92, 58, 11794.07, 230
1597930273673, 11792.99, 30, 11794.06, 21
1597930273732, 11792.99, 30, 11793.48, 220
1597930273753, 11792.99, 30, 11793, 604
1597930273843, 11792.99, 30, 11793, 625
1597930273850, 11792.99, 30, 11793, 625
1597930273942, 11792.99, 30, 11793, 656
1597930274000, 11792.99, 109, 11793, 670
1597930274053, 11792.99, 136, 11793, 940
1597930274113, 11792.99, 136, 11793, 940
1597930274150, 11792.99, 156, 11793, 940
1597930274210, 11792.99, 156, 11793, 940
1597930274263, 11792.99, 98, 11793, 940
1597930274273, 11792.99, 679, 11793, 940
1597930274332, 11792.99, 679, 11793, 940
1597930274360, 11792.99, 679, 11793, 933
1597930274413, 11792.99, 628, 11793, 933
1597930274481, 11792.99, 628, 11793, 933
1597930274510, 11792.99, 601, 11793, 933
1597930274543, 11792.99, 601, 11793, 933
1597930274623, 11792.99, 601, 11793, 933
1597930274662, 11792.99, 20, 11793, 933
1597930274713, 11792.99, 20, 11793, 329
1597930274752, 11792.99, 20, 11793, 334
1597930274773, 11792.99, 701, 11793, 334
1597930274812, 11792.99, 701, 11793, 299
1597930274870, 11792.99, 701, 11793, 299
1597930274893, 11792.99, 701, 11793, 299
1597930274983, 11792.99, 731, 11793, 299
1597930275020, 11792.99, 731, 11793, 294
1597930275043, 11792.99, 731, 11793, 294
1597930275073, 11792.99, 731, 11793, 294
1597930275133, 11792.99, 731, 11793, 294
1597930275202, 11792.99, 731, 11793, 294
1597930275283, 11792.99, 731, 11793, 294
1597930275343, 11792.99, 731, 11793, 294
1597930275352, 11792.99, 731, 11793, 294
1597930275530, 11792.99, 731, 11793, 294
1597930275562, 11792.99, 757, 11793, 294
1597930275583, 11792.99, 757, 11793, 294
1597930275704, 11792.99, 757, 11793, 294
1597930275779, 11792.99, 775, 11793, 294
1597930275793, 11792.99, 775, 11793, 294
1597930275832, 11792.99, 775, 11793, 294
1597930275890, 11792.99, 775, 11793, 294
1597930276041, 11792.99, 775, 11793, 294
1597930276093, 11792.99, 775, 11793, 299
1597930276153, 11792.99, 775, 11793, 299
1597930276190, 11792.99, 775, 11793, 299
1597930276222, 11792.99, 775, 11793, 299
1597930276273, 11792.99, 775, 11793, 299
1597930276363, 11792.99, 775, 11793, 299
1597930276373, 11792.99, 775, 11793, 294
1597930276453, 11792.99, 775, 11793, 299
1597930276492, 11792.99, 775, 11793, 299
1597930276550, 11792.99, 796, 11793, 294
1597930276604, 11792.99, 796, 11793, 60
1597930276642, 11792.99, 1730, 11793, 50
1597930276702, 11793, 36, 11794.43, 34
1597930276760, 11793, 1309, 11794.43, 34
1597930276820, 11794.42, 743, 11795.05, 133
1597930276843, 11794.42, 771, 11795.05, 133
1597930276904, 11795.04, 568, 11795.05, 133
1597930276963, 11795.04, 630, 11795.05, 133
1597930276970, 11795.04, 630, 11795.19, 27
1597930277030, 11795.04, 580, 11795.05, 220
1597930277180, 11795.04, 1556, 11795.05, 257
1597930277263, 11795.04, 1548, 11795.05, 224
1597930277302, 11795.04, 1554, 11795.05, 220
1597930277330, 11795.04, 1554, 11795.05, 220
1597930277353, 11795.04, 1554, 11795.05, 270
1597930277390, 11795.04, 1558, 11795.05, 270
1597930277413, 11795.04, 1558, 11795.05, 270
1597930277456, 11795.04, 1556, 11795.05, 275
1597930277563, 11795.04, 1556, 11795.05, 275
1597930277623, 11795.04, 1556, 11795.05, 275
1597930277683, 11795.04, 601, 11795.05, 225
1597930277713, 11795.04, 607, 11795.05, 220
1597930277773, 11795.04, 601, 11795.05, 331
1597930277833, 11795.04, 33, 11795.05, 270
1597930277833, 11795.04, 33, 11795.05, 270
1597930277863, 11795.04, 33, 11795.05, 275
1597930277930, 11795.04, 690, 11795.05, 275
1597930277983, 11795.04, 746, 11795.05, 336
1597930278043, 11795.04, 690, 11795.05, 336
1597930278080, 11795.04, 690, 11795.05, 331
1597930278262, 11795.04, 690, 11795.05, 336
1597930278322, 11795.04, 690, 11795.05, 336
1597930278433, 11795.04, 690, 11795.05, 336
1597930278493, 11795.04, 25, 11795.05, 331
1597930278583, 11795.04, 636, 11795.05, 331
1597930278590, 11795.04, 692, 11795.05, 336
1597930278704, 11795.04, 636, 11795.05, 275
1597930278733, 11795.04, 636, 11795.05, 275
1597930278773, 11795.04, 636, 11795.05, 275
1597930278793, 11795.04, 636, 11795.05, 275
1597930278832, 11795.04, 636, 11795.05, 275
1597930278853, 11795.04, 636, 11795.05, 270
1597930278861, 11795.04, 636, 11795.05, 220
1597930278913, 11795.04, 636, 11795.05, 220
1597930278920, 11795.04, 636, 11795.05, 220
1597930278943, 11795.04, 636, 11795.05, 286
1597930278950, 11795.04, 636, 11795.05, 286
1597930279042, 11795.04, 636, 11795.05, 286
1597930279071, 11795.04, 25, 11795.05, 286
1597930279132, 11795.04, 25, 11795.05, 286
1597930279191, 11795.04, 81, 11795.05, 282
1597930279243, 11795.04, 81, 11795.05, 277
1597930279402, 11795.04, 81, 11795.05, 282
1597930279453, 11795.04, 731, 11795.05, 282
1597930279460, 11795.04, 731, 11795.05, 282
1597930279513, 11795.04, 731, 11795.05, 282
1597930279573, 11795.04, 731, 11795.05, 282
1597930279663, 11795.04, 731, 11795.05, 277
1597930279732, 11795.04, 731, 11795.05, 216
1597930279814, 11795.04, 731, 11795.05, 221
1597930279873, 11795.04, 731, 11795.05, 221
1597930279912, 11795.04, 731, 11795.05, 271
1597930280113, 11795.04, 731, 11795.05, 266
1597930280173, 11795.04, 731, 11795.05, 266
1597930280273, 11795.04, 731, 11795.05, 271
1597930280383, 11795.04, 731, 11795.05, 332
1597930280422, 11795.04, 768, 11795.05, 332
1597930280533, 11795.04, 768, 11795.05, 271
1597930280593, 11795.04, 768, 11795.05, 266
1597930280623, 11795.04, 768, 11795.05, 327
1597930280690, 11795.04, 768, 11795.05, 332
1597930280743, 11795.04, 768, 11795.05, 332
1597930280833, 11795.04, 768, 11795.05, 332
1597930280953, 11795.04, 768, 11795.05, 332
1597930280962, 11795.04, 768, 11795.05, 332
1597930280983, 11795.04, 118, 11795.05, 332
1597930281232, 11795.04, 118, 11795.05, 327
1597930281290, 11795.04, 118, 11795.05, 327
1597930281442, 11795.04, 118, 11795.05, 332
1597930281493, 11795.04, 118, 11795.05, 332
1597930281553, 11795.04, 664, 11795.05, 332
1597930281562, 11795.04, 664, 11795.05, 332
1597930281613, 11795.04, 664, 11795.05, 332
1597930281622, 11795.04, 664, 11795.05, 332
1597930281681, 11795.04, 664, 11795.05, 332
1597930281704, 11795.04, 664, 11795.05, 327
1597930281773, 11795.04, 664, 11795.05, 332
1597930281801, 11795.04, 664, 11795.05, 332
1597930281832, 11795.04, 664, 11795.05, 332
1597930281952, 11795.04, 664, 11795.05, 332
1597930281973, 11795.04, 664, 11795.05, 332
1597930282004, 11795.04, 664, 11795.05, 332
1597930282042, 11795.04, 664, 11795.05, 332
1597930282153, 11795.04, 674, 11795.05, 327
1597930282273, 11795.04, 674, 11795.05, 327
1597930282310, 11795.04, 674, 11795.05, 111
1597930282312, 11795.04, 674, 11795.05, 116
1597930282363, 11795.04, 674, 11795.05, 66
1597930282423, 11795.04, 674, 11795.05, 5
1597930282483, 11795.04, 674, 11795.05, 5
1597930282520, 11795.04, 674, 11795.05, 17
1597930282573, 11795.04, 674, 11795.05, 17
1597930282633, 11795.04, 674, 11795.05, 237
1597930282663, 11795.04, 674, 11795.05, 232
1597930282723, 11795.04, 674, 11795.05, 232
1597930282730, 11795.04, 674, 11795.05, 232
1597930282783, 11795.04, 674, 11795.05, 232
1597930282822, 11795.04, 674, 11795.05, 232
1597930282843, 11795.04, 674, 11795.05, 220
1597930282852, 11795.04, 674, 11795.05, 220
1597930282852, 11795.04, 674, 11795.05, 220
1597930282933, 11795.04, 674, 11795.05, 220
1597930282973, 11795.04, 674, 11795.05, 220
1597930283083, 11795.04, 674, 11795.05, 220
1597930283122, 11795.04, 704, 11795.05, 220
1597930283173, 11795.04, 704, 11795.05, 220
1597930283293, 11795.04, 707, 11795.05, 220
1597930283383, 11795.04, 707, 11795.05, 220
1597930283504, 11795.04, 707, 11795.05, 220
1597930283512, 11795.04, 707, 11795.05, 220
1597930283573, 11795.04, 707, 11795.05, 220
1597930283593, 11795.04, 707, 11795.05, 220
1597930283690, 11795.04, 707, 11795.05, 220
1597930283722, 11795.04, 707, 11795.05, 220
1597930283781, 11795.04, 707, 11795.05, 220
1597930283810, 11795.04, 707, 11795.05, 220
1597930283893, 11795.04, 707, 11795.05, 220
1597930283992, 11795.04, 707, 11795.05, 220
1597930284232, 11795.04, 707, 11795.05, 220
1597930284313, 11795.04, 707, 11795.05, 239
1597930284320, 11795.04, 711, 11795.05, 239
1597930284373, 11795.04, 1347, 11795.05, 239
1597930284404, 11795.04, 1351, 11795.05, 239
1597930284442, 11795.04, 1351, 11795.05, 244
1597930284673, 11795.04, 1351, 11795.05, 290
1597930284710, 11795.04, 1351, 11795.05, 244
1597930284763, 11795.04, 1351, 11795.05, 244
1597930284770, 11795.04, 1351, 11795.05, 902
1597930284801, 11795.04, 1347, 11795.05, 948
1597930284825, 11795.04, 801, 11795.05, 948
1597930284862, 11795.04, 797, 11795.05, 948
1597930284920, 11795.04, 797, 11795.05, 943
1597930284973, 11795.04, 797, 11795.05, 943
1597930285033, 11795.04, 767, 11795.05, 943
1597930285063, 11795.04, 767, 11795.05, 948
1597930285123, 11795.04, 767, 11795.05, 948
1597930285280, 11795.04, 1366, 11795.05, 290
1597930285333, 11795.04, 767, 11795.05, 290
1597930285379, 11795.04, 767, 11795.05, 285
1597930285400, 11795.04, 767, 11795.05, 966
1597930285401, 11795.04, 767, 11795.05, 966
1597930285462, 11795.04, 767, 11795.05, 971
1597930285490, 11795.04, 767, 11795.05, 998
1597930285522, 11795.04, 767, 11795.05, 998
1597930285550, 11795.04, 767, 11795.05, 317
1597930285573, 11795.04, 1454, 11795.05, 317
1597930285633, 11795.04, 1454, 11795.05, 317
1597930285642, 11795.04, 1454, 11795.05, 271
1597930285673, 11795.04, 1454, 11795.05, 271
1597930285700, 11795.04, 1454, 11795.05, 271
1597930285732, 11795.04, 1454, 11795.05, 252
1597930285783, 11795.04, 1454, 11795.05, 247
1597930285790, 11795.04, 1454, 11795.05, 247
1597930285843, 11795.04, 1454, 11795.05, 247
1597930285904, 11795.04, 1457, 11795.05, 247
1597930285910, 11795.04, 1457, 11795.05, 247
1597930286000, 11795.04, 1457, 11795.05, 247
1597930286053, 11795.04, 1401, 11795.05, 247
1597930286204, 11795.04, 1401, 11795.05, 247
1597930286242, 11795.04, 1401, 11795.05, 252
1597930286273, 11795.04, 1400, 11795.05, 252
1597930286300, 11795.04, 1400, 11795.05, 252
1597930286332, 11795.04, 1398, 11795.05, 252
1597930286443, 11795.04, 1398, 11795.05, 252
1597930286542, 11795.04, 1398, 11795.05, 252
1597930286653, 11795.04, 1398, 11795.05, 252
1597930286662, 11795.04, 1398, 11795.05, 252
1597930286713, 11795.04, 1398, 11795.05, 247
1597930286773, 11795.04, 1398, 11795.05, 247
1597930286863, 11795.04, 1398, 11795.05, 247
1597930287313, 11795.04, 1398, 11795.05, 247
1597930287373, 11795.04, 1397, 11795.05, 293
1597930287412, 11795.04, 1394, 11795.05, 293
1597930287463, 11795.04, 1394, 11795.05, 247
1597930287523, 11795.04, 1394, 11795.05, 297
1597930287583, 11795.04, 1357, 11795.05, 357
1597930287643, 11795.04, 1357, 11795.05, 357
1597930287733, 11795.04, 1357, 11795.05, 357
1597930287742, 11795.04, 1357, 11795.05, 395
1597930287793, 11795.04, 1357, 11795.05, 395
1597930287823, 11795.04, 1357, 11795.05, 395
1597930287823, 11795.04, 1357, 11795.05, 395
1597930287943, 11795.04, 1357, 11795.05, 395
1597930288130, 11795.04, 1357, 11795.05, 395
1597930288222, 11795.04, 1357, 11795.05, 395
1597930288333, 11795.04, 1067, 11795.05, 395
1597930288543, 11795.04, 1067, 11795.05, 1091
1597930288693, 11795.04, 1067, 11795.05, 395
1597930289204, 11795.04, 1067, 11795.05, 175
1597930289263, 11795.04, 1067, 11795.05, 129
1597930289504, 11795.04, 1067, 11795.05, 349
1597930289542, 11795.04, 1067, 11795.05, 395
1597930289623, 11795.04, 1067, 11795.05, 902
1597930289691, 11795.04, 1067, 11795.05, 902
1597930289713, 11795.04, 1067, 11795.05, 902
1597930289812, 11795.04, 1067, 11795.05, 902
1597930289812, 11795.04, 1067, 11795.05, 902
1597930289902, 11795.04, 1067, 11795.05, 902
1597930289923, 11795.04, 1067, 11795.05, 395
1597930289962, 11795.04, 1067, 11795.05, 395
1597930290021, 11795.04, 1067, 11795.05, 129
1597930290073, 11795.04, 1067, 11795.05, 115
1597930290133, 11795.04, 1072, 11795.05, 115
1597930290170, 11795.04, 1072, 11795.05, 115
1597930290223, 11795.04, 1072, 11795.05, 115
1597930290283, 11795.04, 1072, 11795.05, 115
1597930290320, 11795.04, 1067, 11795.05, 115
1597930290373, 11795.04, 1067, 11795.05, 115
1597930290412, 11795.04, 1067, 11795.05, 115
1597930290433, 11795.04, 1067, 11795.05, 115
1597930290476, 11795.04, 1067, 11795.05, 115
1597930290502, 11795.04, 1067, 11795.05, 115
1597930290622, 11795.04, 1067, 11795.05, 115
1597930290734, 11795.04, 1067, 11795.05, 115
1597930290773, 11795.04, 1067, 11795.05, 115
1597930291042, 11795.04, 1067, 11795.05, 115
1597930291093, 11795.04, 1090, 11795.05, 115
1597930291153, 11795.04, 1090, 11795.05, 115
1597930291222, 11795.04, 1090, 11795.05, 115
1597930291250, 11795.04, 1090, 11795.05, 335
1597930291304, 11795.04, 1090, 11795.05, 335
1597930291373, 11795.04, 1090, 11795.05, 347
1597930291513, 11795.04, 1090, 11795.05, 347
1597930291663, 11795.04, 1090, 11795.05, 347
1597930291700, 11795.04, 1090, 11795.05, 127
1597930291873, 11795.04, 1090, 11795.05, 127
1597930291910, 11795.04, 1090, 11795.05, 127
1597930291963, 11795.04, 1090, 11795.05, 127
1597930292023, 11795.04, 1113, 11795.05, 127
1597930292113, 11795.04, 1113, 11795.05, 127
1597930292173, 11795.04, 1113, 11795.05, 347
1597930292323, 11795.04, 768, 11795.05, 347
1597930292420, 11795.04, 768, 11795.05, 347
1597930292512, 11795.04, 768, 11795.05, 347
1597930292573, 11795.04, 768, 11795.05, 393
1597930292630, 11795.04, 768, 11795.05, 393
1597930292743, 11795.04, 768, 11795.05, 393
1597930292833, 11795.04, 768, 11795.05, 393
1597930292833, 11795.04, 768, 11795.05, 393
1597930292893, 11795.04, 768, 11795.05, 393
1597930292983, 11795.04, 768, 11795.05, 393
1597930293043, 11795.04, 768, 11795.05, 393
1597930293142, 11795.04, 768, 11795.05, 393
1597930293232, 11795.04, 768, 11795.05, 393
1597930293253, 11795.04, 768, 11795.05, 393
1597930293290, 11795.04, 768, 11795.05, 393
1597930293322, 11795.04, 768, 11795.05, 393
1597930293343, 11795.04, 768, 11795.05, 393
1597930293382, 11795.04, 768, 11795.05, 393
1597930293442, 11795.04, 768, 11795.05, 393
1597930293493, 11795.04, 768, 11795.05, 347
1597930293553, 11795.04, 768, 11795.05, 347
1597930293590, 11795.04, 768, 11795.05, 347
1597930293613, 11795.04, 783, 11795.05, 347
1597930293650, 11795.04, 783, 11795.05, 347
1597930293704, 11795.04, 783, 11795.05, 127
1597930293763, 11795.04, 783, 11795.05, 115
1597930293800, 11795.04, 802, 11795.05, 77
1597930293853, 11795.04, 802, 11795.05, 77
1597930293892, 11795.04, 1147, 11795.05, 77
1597930293913, 11795.04, 1147, 11795.05, 77
1597930293950, 11795.04, 1147, 11795.05, 77
1597930294063, 11795.04, 1147, 11795.05, 77
1597930294192, 11795.04, 1128, 11795.05, 297
1597930294213, 11795.04, 783, 11795.05, 343
1597930294252, 11795.04, 783, 11795.05, 373
1597930294310, 11795.04, 783, 11795.05, 373
1597930294363, 11795.04, 783, 11795.05, 411
1597930294402, 11795.04, 783, 11795.05, 411
1597930294460, 11795.04, 441, 11795.05, 411
1597930294633, 11795.04, 986, 11795.05, 411
1597930294912, 11795.04, 986, 11795.05, 411
1597930294933, 11795.04, 986, 11795.05, 411
1597930295002, 11795.04, 986, 11795.05, 411
1597930295030, 11795.04, 986, 11795.05, 461
1597930295083, 11795.04, 986, 11795.05, 461
1597930295122, 11795.04, 986, 11795.05, 461
1597930295443, 11795.04, 986, 11795.05, 461
1597930295542, 11795.04, 986, 11795.05, 461
1597930295593, 11795.04, 986, 11795.05, 461
1597930295690, 11795.04, 986, 11795.05, 461
1597930295804, 11795.04, 986, 11795.05, 461
1597930295990, 11795.04, 986, 11795.05, 461
1597930296082, 11795.04, 986, 11795.05, 461
1597930296463, 11795.04, 986, 11795.05, 431
1597930296500, 11795.04, 971, 11795.05, 393
1597930296532, 11795.04, 971, 11795.05, 343
1597930296613, 11795.04, 971, 11795.05, 348
1597930296650, 11795.04, 971, 11795.05, 398
1597930296673, 11795.04, 971, 11795.05, 398
1597930296710, 11795.04, 971, 11795.05, 398
1597930296952, 11795.04, 971, 11795.05, 393
1597930297123, 11795.04, 971, 11795.05, 398
1597930297220, 11795.04, 971, 11795.05, 398
1597930297222, 11795.04, 971, 11795.05, 398
1597930297273, 11795.04, 971, 11795.05, 398
1597930297310, 11795.04, 971, 11795.05, 393
1597930297370, 11795.04, 626, 11795.05, 393
1597930297402, 11795.04, 628, 11795.05, 393
1597930297423, 11795.04, 628, 11795.05, 393
1597930297483, 11795.04, 628, 11795.05, 193
1597930297520, 11795.04, 659, 11795.05, 147
1597930297573, 11795.04, 662, 11795.05, 97
1597930297580, 11795.04, 687, 11795.05, 97
1597930297693, 11795.04, 687, 11795.05, 97
1597930297702, 11795.04, 687, 11795.05, 317
1597930297753, 11795.04, 657, 11795.05, 97
1597930297813, 11795.04, 657, 11795.05, 77
1597930297822, 11795.04, 657, 11795.05, 77
1597930297850, 11795.04, 657, 11795.05, 77
1597930297850, 11795.04, 657, 11795.05, 77
1597930297904, 11795.04, 657, 11795.05, 297
1597930298032, 11795.04, 665, 11795.05, 297
1597930298092, 11795.04, 665, 11795.05, 297
1597930298113, 11795.04, 665, 11795.05, 297
1597930298150, 11795.04, 660, 11795.05, 77
1597930298204, 11795.04, 660, 11795.05, 77
1597930298242, 11795.04, 660, 11795.05, 297
1597930298263, 11795.04, 665, 11795.05, 297
1597930298302, 11795.04, 644, 11795.05, 297
1597930298360, 11795.04, 646, 11795.05, 297
1597930298383, 11795.04, 646, 11795.05, 297
1597930298413, 11795.04, 646, 11795.05, 297
1597930298510, 11795.04, 646, 11795.05, 297
1597930298563, 11795.04, 646, 11795.05, 297
1597930298623, 11795.04, 646, 11795.05, 317
1597930298683, 11795.04, 638, 11795.05, 317
1597930298720, 11795.04, 638, 11795.05, 317
1597930298773, 11795.04, 638, 11795.05, 317
1597930298926, 11795.04, 638, 11795.05, 317
1597930298930, 11795.04, 638, 11795.05, 330
1597930299020, 11795.04, 638, 11795.05, 330
1597930299193, 11795.04, 638, 11795.05, 350
1597930299230, 11795.04, 638, 11795.05, 396
1597930299530, 11795.04, 638, 11795.05, 396
1597930299590, 11795.04, 638, 11795.05, 396
1597930299982, 11795.04, 638, 11795.05, 396
1597930300004, 11795.04, 638, 11795.05, 396
1597930300101, 11795.04, 638, 11795.05, 396
1597930300132, 11795.04, 636, 11795.05, 396
1597930300190, 11795.04, 636, 11795.05, 396
1597930300250, 11795.04, 636, 11795.05, 337
1597930300304, 11795.04, 636, 11795.05, 337
1597930300342, 11795.04, 636, 11795.05, 337
1597930300400, 11795.04, 636, 11795.05, 337
1597930300763, 11795.04, 636, 11795.05, 337
1597930300813, 11795.04, 636, 11795.05, 337
1597930300881, 11795.04, 636, 11795.05, 337
1597930301092, 11795.04, 1680, 11795.05, 337
1597930301780, 11795.04, 636, 11795.05, 337
1597930301893, 11795.04, 636, 11795.05, 337
1597930301930, 11795.04, 636, 11795.05, 337
1597930301962, 11795.04, 636, 11795.05, 337
1597930302022, 11795.04, 91, 11795.05, 988
1597930302043, 11795.04, 91, 11795.05, 1007
1597930302080, 11795.04, 87, 11795.05, 1007
1597930302142, 11795.04, 81, 11795.05, 1007
1597930302173, 11795.04, 81, 11795.05, 1007
1597930302193, 11795.04, 81, 11795.05, 1007
1597930302230, 11795.04, 71, 11795.05, 1007
1597930302253, 11795.04, 74, 11795.05, 1021
1597930302290, 11795.04, 74, 11795.05, 1021
1597930302350, 11795.04, 72, 11795.05, 1021
1597930302404, 11795.04, 68, 11795.05, 975
1597930302442, 11793.12, 56, 11795.05, 1015
1597930302463, 11793.12, 56, 11795.05, 1015
1597930302500, 11793.12, 56, 11795.05, 1148
1597930302553, 11793.12, 56, 11793.13, 532
1597930302590, 11793.12, 56, 11793.13, 584
1597930302650, 11793.12, 56, 11793.13, 584
1597930302682, 11793.12, 1, 11793.13, 629
1597930302733, 11793.12, 8, 11793.13, 629
1597930302763, 11793.12, 15, 11793.13, 849
1597930302773, 11793.12, 8, 11793.13, 876
1597930302832, 11793.12, 8, 11793.13, 914
1597930302832, 11793.12, 8, 11793.13, 914
1597930302883, 11793.12, 8, 11793.13, 914
1597930302950, 11793.12, 8, 11793.13, 914
1597930303010, 11793.12, 8, 11793.13, 914
1597930303033, 11793.12, 8, 11793.13, 914
1597930303063, 11793.12, 8, 11793.13, 403
1597930303100, 11793.12, 8, 11793.13, 403
1597930303123, 11793.12, 8, 11793.13, 453
1597930303160, 11793.12, 8, 11793.13, 453
1597930303213, 11793.12, 8, 11793.13, 453
1597930303273, 11793.12, 625, 11793.13, 411
1597930303310, 11793.12, 625, 11793.13, 411
1597930303370, 11793.12, 625, 11793.13, 390
1597930303423, 11793.12, 625, 11793.13, 390
1597930303460, 11793.12, 625, 11793.13, 390
1597930303492, 11793.12, 625, 11793.13, 380
1597930303521, 11793.12, 623, 11793.13, 380
1597930303552, 11793.12, 623, 11793.13, 380
1597930303573, 11793.12, 623, 11793.13, 380
1597930303610, 11793.12, 617, 11793.13, 380
1597930303633, 11793.12, 617, 11793.13, 380
1597930303670, 11793.12, 617, 11793.13, 380
1597930303693, 11793.12, 617, 11793.13, 380
1597930303702, 11793.12, 617, 11793.13, 380
1597930303783, 11793.12, 617, 11793.13, 380
1597930303820, 11793.12, 625, 11793.13, 380
1597930303880, 11793.12, 625, 11793.13, 380
1597930303933, 11793.12, 625, 11793.13, 380
1597930303993, 11793.12, 625, 11793.13, 380
1597930304030, 11793.12, 625, 11793.13, 380
1597930304143, 11793.12, 625, 11793.13, 398
1597930304780, 11793.12, 625, 11793.13, 398
1597930304804, 11793.12, 625, 11793.13, 398
1597930304930, 11793.12, 625, 11793.13, 398
1597930305232, 11793.12, 625, 11793.13, 398
1597930305442, 11793.12, 625, 11793.13, 398
1597930305560, 11793.12, 630, 11793.13, 380
1597930305613, 11793.12, 630, 11793.13, 349
1597930305710, 11793.12, 630, 11793.13, 349
1597930305763, 11793.12, 625, 11793.13, 349
1597930305800, 11793.12, 625, 11793.13, 349
1597930306160, 11793.12, 772, 11793.13, 349
1597930306273, 11793.12, 696, 11793.13, 349
1597930306310, 11793.12, 702, 11793.13, 349
1597930306333, 11793.12, 702, 11793.13, 366
1597930306370, 11793.12, 702, 11793.13, 366
1597930306430, 11793.12, 708, 11793.13, 335
1597930306543, 11793.12, 708, 11793.13, 335
1597930306783, 11793.12, 708, 11793.13, 335
1597930306820, 11793.12, 708, 11793.13, 115
1597930306880, 11793.12, 708, 11793.13, 115
1597930306904, 11793.12, 708, 11793.13, 115
1597930306942, 11793.12, 708, 11793.13, 335
1597930306970, 11793.12, 708, 11793.13, 335
1597930307030, 11793.12, 706, 11793.13, 335
1597930307053, 11793.12, 706, 11793.13, 335
1597930307180, 11793.12, 706, 11793.13, 335
1597930307600, 11793.12, 706, 11793.13, 335
1597930307804, 11793.12, 706, 11793.13, 335
1597930307804, 11793.12, 706, 11793.13, 335
1597930307863, 11793.12, 706, 11793.13, 335
1597930307900, 11793.12, 704, 11793.13, 335
1597930308133, 11793.12, 704, 11793.13, 335
1597930308163, 11793.12, 704, 11793.13, 335
1597930308202, 11793.12, 703, 11793.13, 335
1597930308260, 11793.12, 703, 11793.13, 354
1597930308320, 11793.12, 703, 11793.13, 385
1597930308410, 11793.12, 702, 11793.13, 385
1597930308473, 11793.12, 702, 11793.13, 385
1597930308523, 11793.12, 702, 11793.13, 385
1597930309342, 11793.12, 702, 11793.13, 385
1597930309363, 11793.12, 702, 11793.13, 385
1597930309430, 11793.12, 704, 11793.13, 385
1597930309432, 11793.12, 704, 11793.13, 385
1597930309693, 11793.12, 704, 11793.13, 385
1597930309790, 11793.12, 704, 11793.13, 385
1597930309822, 11793.12, 704, 11793.13, 385
1597930309942, 11793.12, 704, 11793.13, 385
1597930309963, 11793.12, 704, 11793.13, 385
1597930310113, 11793.12, 704, 11793.13, 385
1597930310450, 11793.12, 704, 11793.13, 385
1597930310473, 11793.12, 704, 11793.13, 385
1597930310510, 11793.12, 704, 11793.13, 385
1597930310570, 11793.12, 704, 11793.13, 385
1597930310573, 11793.12, 704, 11793.13, 385
1597930310660, 11793.12, 704, 11793.13, 366
1597930310683, 11793.12, 704, 11793.13, 366
1597930310720, 11793.12, 704, 11793.13, 366
1597930310743, 11793.12, 704, 11793.13, 366
1597930310773, 11793.12, 704, 11793.13, 366
1597930310810, 11793.12, 704, 11793.13, 366
1597930310833, 11793.12, 704, 11793.13, 366
1597930310842, 11793.12, 704, 11793.13, 366
1597930310893, 11793.12, 219, 11793.13, 366
1597930310902, 11793.12, 211, 11793.13, 1020
1597930310923, 11793.12, 211, 11793.13, 1006
1597930310960, 11793.12, 211, 11793.13, 1006
1597930311020, 11793.12, 64, 11793.13, 1006
1597930311073, 11793.12, 774, 11793.13, 1020
1597930311111, 11793.12, 774, 11793.13, 1020
1597930311163, 11793.12, 774, 11793.13, 1020
1597930311173, 11793.12, 774, 11793.13, 1020
1597930311260, 11793.12, 774, 11793.13, 1020
1597930311292, 11793.12, 774, 11793.13, 1020
1597930311313, 11793.12, 774, 11793.13, 1020
1597930311375, 11793.12, 774, 11793.13, 1020
1597930311412, 11793.12, 774, 11793.13, 1020
1597930311442, 11793.12, 774, 11793.13, 380
1597930311502, 11793.12, 774, 11793.13, 380
1597930311673, 11793.12, 774, 11793.13, 380
1597930311712, 11793.12, 774, 11793.13, 405
1597930311772, 11793.12, 766, 11793.13, 405
1597930311823, 11793.12, 766, 11793.13, 405
1597930311883, 11793.12, 768, 11793.13, 405
1597930311943, 11793.12, 768, 11793.13, 405
1597930312033, 11793.12, 768, 11793.13, 405
1597930312130, 11793.12, 768, 11793.13, 405
1597930312153, 11793.12, 768, 11793.13, 405
1597930312183, 11793.12, 768, 11793.13, 405
1597930312243, 11793.12, 768, 11793.13, 405
1597930312312, 11793.12, 768, 11793.13, 405
1597930312373, 11793.12, 768, 11793.13, 405
1597930312432, 11793.12, 768, 11793.13, 405
1597930312543, 11793.12, 768, 11793.13, 405
1597930312693, 11793.12, 768, 11793.13, 391
1597930312753, 11793.12, 768, 11793.13, 391
1597930312753, 11793.12, 768, 11793.13, 391
1597930312944, 11793.12, 768, 11793.13, 391
1597930312973, 11793.12, 768, 11793.13, 391
1597930313053, 11793.12, 768, 11793.13, 391
1597930313092, 11793.12, 768, 11793.13, 391
1597930313150, 11793.12, 768, 11793.13, 391
1597930313204, 11793.12, 768, 11793.13, 391
1597930313353, 11793.12, 768, 11793.13, 391
1597930313660, 11793.12, 768, 11793.13, 391
1597930313810, 11793.12, 768, 11793.13, 405
1597930313902, 11793.12, 768, 11793.13, 391
1597930314170, 11793.12, 768, 11793.13, 391
1597930314201, 11793.12, 768, 11793.13, 391
1597930314262, 11793.12, 768, 11793.13, 405
1597930314321, 11793.12, 768, 11793.13, 405
1597930314374, 11793.12, 768, 11793.13, 405
1597930314473, 11793.12, 768, 11793.13, 405
1597930314530, 11793.12, 768, 11793.13, 391
1597930314680, 11793.12, 768, 11793.13, 391
1597930314922, 11793.12, 768, 11793.13, 391
